4222 6020
324 630 619 680 Donnerſtag,
645 634 689 670 1.
714 628 910 679 Januar.

1435 630 2332 680 IIIIIIIEIIIIIIIIIIII

3258 635 3389 676 Geiĩte
3410 640 3460 678 3.

275 1724 407 1752 angeboten
424 1724 475 1751 und
492 1727 652 1752 angenommen
653 1723 742 1752 ſein.

277 1264 333 1294 Rue
360 1265 391 1294 du
409 1263 543 1296 Faubourg
571 1264 618 1293 St.
634 1264 736 1296 Honors
764 1267 813 1291 aus
839 1263 873 1292 im
890 1262 989 1294 Vorhof
1016 1263 1059 1290 des
1078 1262 1163 1296 Elyſoe
1172 1237 1329 1296 ſtationiren

275 1691 382 1723 wurden,
400 1691 424 1722 ſo
441 1691 503 1718 kann
520 1691 557 1718 die
568 1691 644 1723 Wahl
662 1691 813 1723 Magnin's
820 1692 896 1724 erſt
913 1692 947 1719 im
959 1692 1038 1724 letzten
1049 1690 1192 1724 Augenblick
1208 1689 1331 1723 getroffen,

272 705 374 738 Lam—“,
389 705 465 738 deſſen
483 706 552 735 Ende
570 703 683 737 vielleicht
700 704 756 737 noch
773 704 842 736 heute
858 702 921 734 nicht
937 702 1065 737 abzuſehen
1082 703 1155 735 wäre,
1181 708 1234 731 wenn
1235 702 1329 734 nicht

274 738 339 769 Herr
356 738 488 769 Gambetta
506 740 548 767 als
564 738 628 765 deus
645 744 678 764 ex
696 738 795 764 machina
796 735 956 767 erſchienen
973 735 1045 769 wäre,
1071 736 1130 769 reſp.
1148 736 1218 768 durch
1229 736 1330 769 perſön⸗

276 769 332 804 liche
348 771 525 805 Intervention
544 771 581 798 bei
598 770 651 798 dem
667 769 824 804 Praͤſidenten
836 768 922 803 Groͤpy
940 769 1007 798 einen
1016 769 1145 801 Ausaleich
1158 768 1329 802 herbeigeführt

274 804 365 836 hütte.
381 805 422 834 Es
445 805 528 836 ſcheint
545 804 598 832 bem
615 801 877 835 Kammerpräſidenten
894 802 996 836 plötzlich
1014 802 1052 831 ein
1064 801 1190 836 Argwohn
1207 801 1249 830 ober
1251 801 1330 830 eine

274 836 440 871 Befürchtung
457 837 595 871 gekommen
610 843 623 871 zu
624 836 711 869 ſein,
729 837 772 863 als
790 835 822 863 ob
839 835 919 868 hinter
935 835 988 864 dem
1004 834 1140 867 Bemühen,
1162 834 1330 868 Wabbiugton

274 870 326 901 unb
353 870 438 901 Loͤon
448 870 507 902 Say
542 876 571 902 zu
604 870 701 902 halten,
722 867 840 902 dagegen
867 868 958 902 Lepère
992 875 1022 902 zu
1056 867 1194 899 entfernen,
1220 867 1263 896 die
1275 867 1330 896 Ab—

1076 798 1089 801 —me——

276 904 330 935 ſicht
363 904 440 935 ſtecke,
473 903 522 931 das
556 909 614 931 neue
647 900 815 932 Miniſterium
848 906 897 930 von
931 902 984 930 dem
997 900 1112 933 bisher
1149 899 1330 929 dominirenden

276 935 381 969 Einfluß
423 936 468 964 des
516 934 609 968 Palais
648 934 770 962 Bourbon
814 934 859 966 frei
900 942 930 968 zu
971 934 1073 966 machen.
1134 932 1201 962 Sein
1242 933 1330 965 Beſuch

280 969 333 999 bei
344 970 433 1002 Grévy
462 975 503 997 am
529 968 648 1001 Sonntag
670 966 778 1001 Morgen
805 974 848 995 um
873 969 905 995 10
925 967 962 1000 Uhr
962 967 1044 1001 ſoll
1069 965 1217 999 keinebwegs
1238 966 1330 995 erbeten

287 1003 380 1031 ondern
397 1016 429 1021 —
447 1008 502 1034 zum
519 1002 590 1033 erſten
608 999 679 1034 Mal!
697 1014 729 1018 —
736 999 868 1034 freiwillig
895 1000 945 1028 und
954 999 1065 1033 ziemlich
1082 1000 1227 1027 unerwartet
1244 999 1330 1032 erfolgi

276 1031 335 1067 jein.
368 1035 417 1064 Was
419 1034 559 1067 zwiſchen
576 1033 621 1061 den
638 1033 719 1061 beiden
737 1032 895 1066 Präſidenten
920 1033 1059 1066 verhandelt
1075 1032 1181 1064 worden,
1209 1031 1272 1063 weiß
1288 1038 1331 1059 na⸗

277 1067 362 1099 ürlich
382 1068 510 1099 Niemand,
528 1072 598 1096 wenn
614 1065 675 1098 nicht
693 1066 755 1099 Herr
765 1067 897 1095 Gambetta
914 1064 980 1098 ſelbſt
997 1069 1025 1093 es
1035 1065 1155 1097 hinterher
1172 1065 1233 1093 beim
1250 1064 1330 1098 Früh—

277 1101 334 1132 ftück
351 1099 437 1132 ſeinem
453 1100 581 1132 Intimus,
598 1098 651 1127 dem
669 1098 838 1132 Schauſpieler
864 1099 985 1130 Coquelin
1012 1098 1065 1126 dbem
1091 1097 1256 1131 „Jüngeren“
1282 1102 1330 1125 von

277 1132 319 1162 ber
347 1132 462 1163 Comoͤdie
488 1131 608 1164 françaiſe
633 1134 775 1160 anvertraut
801 1133 852 1164 hat.
885 1131 986 1160 Abends
1014 1130 1047 1158 im
1064 1130 1170 1163 Theater
1171 1130 1275 1164 ſpielte
1290 1130 1330 1158 der

277 1004 286 1031 |
277 1166 445 1200 Allgewaltige
462 1165 549 1198 freilich
575 1164 661 1193 wieder
686 1165 731 1193 den
749 1165 934 1198 Unbefangenen
957 1164 1007 1192 und
1024 1164 1251 1195 Ununterrichteten,
1268 1163 1329 1191 denn

278 1207 303 1227 er
321 1200 427 1232 leugnete
452 1199 522 1231 ſogar
550 1197 627 1230 ſeinen
644 1198 733 1231 Beſuch
762 1203 818 1226 vom
847 1196 997 1230 Vormittag,
1026 1198 1123 1229 obwohl
1137 1196 1261 1230 Hunderte
1282 1196 1329 1224 das

277 1232 454 1264 wohlbekannte
477 1229 549 1258 kleine
567 1230 654 1263 Coups
672 1229 821 1260 Gambettas
848 1230 898 1259 eine
924 1236 997 1263 ganze
1015 1228 1114 1258 Stunde
1140 1228 1198 1258 lanc
1224 1234 1254 1257 von
1256 1229 1330 1257 der

279 1298 372 1330 geſehen
391 1298 481 1328 hatten.
514 1297 566 1325 Der
583 1296 673 1330 Erfolg
690 1296 761 1329 dieſer
770 1296 845 1328 Viſite
863 1302 916 1325 war
933 1296 995 1323 denn
1011 1296 1067 1328 auch
1085 1294 1153 1329 ſchon
1170 1294 1196 1323 in
1213 1295 1330 1328 derſelben

277 1330 333 1364 Zeit
350 1337 378 1364 zu
395 1329 489 1362 ſpüren,
506 1329 537 1358 da
554 1329 690 1363 derjenige,
698 1330 738 1357 der
755 1329 784 1363 ſie
802 1330 913 1363 gemacht,
939 1328 969 1360 ſie
994 1330 1129 1362 ableugnen
1146 1328 1235 1356 wollte.
1268 1327 1330 1363 Herr

276 1363 374 1395 Lepèère,
400 1362 441 1390 der
466 1363 554 1390 bereits
583 1361 658 1394 ſeine
672 1361 846 1394 Siebenſachen
870 1361 1096 1395 zuſammengepackt
1124 1361 1196 1393 hatte,
1225 1360 1280 1389 weil
1307 1368 1330 1388 er

277 1395 372 1427 glaubte
389 1395 519 1428 ausziehen
538 1403 567 1428 zu
584 1395 675 1428 müſſen
692 1409 725 1414 —
741 1395 868 1428 Freycinet
873 1394 958 1427 ſelbſt
975 1394 1039 1426 hatte
1056 1395 1107 1424 ihm
1125 1394 1172 1422 das
1189 1401 1218 1428 zu
1235 1393 1330 1422 wieber—

276 1426 356 1460 holten
374 1427 462 1457 Malen
480 1428 506 1457 in
523 1429 611 1456 dürren
629 1429 731 1456 Worten
748 1428 836 1460 geſagt
852 1441 885 1447 —
902 1427 964 1460 Herr
979 1428 1069 1459 Lepre
1085 1427 1168 1460 erhielt
1186 1432 1234 1454 von
1252 1427 1329 1455 Gam—

275 1459 339 1489 betta
356 1460 395 1489 die
412 1461 543 1492 Nachricht,
560 1461 609 1492 daß
627 1469 651 1489 er
669 1461 761 1489 bleiben
784 1460 860 1492 dürfe.
894 1460 1043 1492 Gleichzeitig
1060 1459 1142 1488 wurde
1158 1459 1238 1492 Herrn
1256 1459 1330 1488 Wabd—

276 1493 378 1526 dington
405 1495 453 1522 das
480 1493 624 1526 Gegentheil
651 1494 769 1526 bedeutet;
794 1494 839 1521 den
856 1492 1087 1526 Botſchafterpoſten
1115 1493 1141 1520 in
1158 1492 1261 1521 London,
1268 1492 1331 1524 der

275 1525 327 1557 ihm
345 1528 386 1555 als
405 1526 598 1559 Entſchädigung
616 1528 750 1559 angeboten
768 1527 856 1556 wurde,
874 1526 949 1559 ſchlug
966 1534 991 1554 er
1008 1530 1065 1554 aus.
1100 1525 1140 1553 Von
1143 1527 1230 1553 allen
1231 1525 1331 1556 dieſen

280 1558 430 1592 Vorgängen
447 1559 538 1591 erhielt
547 1558 617 1588 Léon
635 1559 694 1592 Say
717 1560 760 1587 erſt
784 1560 810 1587 in
837 1559 913 1590 ſpäter
930 1558 1182 1592 Nachmittagsſtunde
1200 1557 1330 1589 Kenutniß.

284 1591 349 1621 Sein
367 1591 496 1624 Entſchluß
523 1598 577 1620 war
604 1592 688 1625 ſofort
705 1589 795 1625 gefaßt.
829 1592 913 1625 Gegen
942 1596 958 1619 6
986 1592 1037 1623 Uhr
1055 1591 1155 1619 Abends
1173 1591 1215 1623 fuhr
1218 1599 1272 1619 er
1290 1591 1330 1618 ins

278 1624 365 1658 Elyſée
387 1626 437 1653 und
466 1626 526 1655 legte
551 1625 599 1655 ſein
626 1625 784 1658 Portefeuille
811 1625 836 1652 in
863 1624 961 1658 Grevys
980 1625 1066 1658 Hände
1094 1624 1181 1657 zurück.
1214 1624 1257 1652 Da
1276 1624 1330 1656 zwei

276 1656 395 1686 Stunden
404 1657 481 1690 ſpäter
489 1654 526 1686 die
536 1657 790 1690 Ernennungsdekrete
807 1658 847 1687 für
861 1658 908 1686 das
918 1666 977 1686 neue
986 1657 1153 1687 Miniſterium
1171 1656 1330 1690 ausgefertigt

325 1765 398 1797 Aber,
426 1764 451 1797 ſo
470 1764 563 1793 werden
582 1765 630 1793 Sie
648 1765 746 1797 fragen,
775 1765 884 1796 weshalb
902 1765 967 1797 hatte
989 1765 1052 1792 denn
1069 1764 1131 1797 Herr
1147 1764 1237 1796 Lepèére
1253 1764 1332 1795 durch—

275 1800 324 1826 aus
343 1799 416 1829 gehen
434 1797 527 1828 ſollen?
560 1798 651 1829 Lachen
670 1797 705 1826 Sie
708 1798 804 1829 nicht,
821 1803 891 1826 wenn
909 1798 941 1829 ich
958 1798 1045 1829 Ihnen
1064 1798 1100 1825 die
1121 1797 1249 1829 Wahrheit
1267 1796 1331 1829 ſage:

275 1831 400 1863 Freycinet
418 1837 475 1863 mag
493 1830 536 1862 ihn
553 1831 614 1862 nicht
631 1845 664 1849 —
681 1831 777 1863 riechen.
811 1831 862 1859 Der
887 1831 963 1863 jetzige
980 1830 1095 1861 Miniſter
1116 1831 1158 1857 des
1172 1830 1274 1863 Innern
1291 1831 1331 1862 hat

276 1928 404 1961 Cigarren,
423 1930 497 1961 echtes
515 1929 724 1961 Havannahkraut
740 1931 840 1961 rauchen
859 1929 952 1957 wollte!
984 1929 1066 1957 Allein
1094 1928 1131 1957 die
1161 1929 1203 1956 kann
1206 1928 1290 1960 hier
1307 1928 1330 1956 in

275 1961 352 1994 Folge
370 1963 413 1989 des
431 1963 572 1993 Monopols
599 1961 661 1994 nicht
679 1962 768 1990 einmal
785 1964 823 1990 ein
840 1962 954 1994 Miniſter
971 1962 1012 1994 ſich
1029 1962 1116 1994 leiſten,
1143 1967 1213 1990 wenn
1230 1969 1241 1989 er
1243 1961 1331 1993 nicht

277 1994 391 2023 nebenbei
402 1994 537 2023 Millionär
554 2000 602 2022 von
617 1995 680 2027 Fach
698 1995 733 2026 iſt.
749 1996 812 2027 Herr
823 1995 912 2027 Lepère
930 1995 957 2026 iſt
974 1995 1012 2022 ein
1030 1995 1232 2027 unvermögender
1242 1994 1331 2027 Juriſt,

277 2027 328 2055 und
345 2027 376 2055 da
395 2035 420 2055 er
437 2028 481 2055 mit
498 2028 551 2055 dem
569 2027 665 2059 Dichter
682 2028 723 2055 der
739 2027 833 2059 Anſicht
852 2027 960 2059 huldigt:
986 2028 1098 2059 „Rauch
1116 2028 1143 2059 iſt
1150 2027 1224 2056 alles
1242 2028 1331 2059 ird'ſche

275 2060 376 2091 Leben,“
405 2060 429 2092 ſo
447 2060 475 2092 iſt
492 2067 517 2088 er
542 2061 585 2091 auf
603 2060 662 2092 ſeine
679 2060 853 2093 Tabakspfeife
881 2048 1035 2093 angewieſen.
1067 2061 1107 2089 Es
1135 2061 1163 2092 iſt
1179 2061 1255 2092 wahr,
1284 2060 1331 2092 daß

275 2092 336 2121 dieſe
353 2093 434 2126 Pfeife
451 2092 512 2124 nicht
529 2099 558 2126 zu
575 2094 620 2120 den
638 2093 730 2126 großen
747 2093 892 2122 Stummeln
910 2093 1001 2126 gehört,
1027 2095 1109 2126 welche
1125 2093 1166 2121 der
1183 2093 1332 2125 franzöſiſche

275 2125 437 2157 Volksmund,
455 2125 499 2153 weil
502 2125 551 2153 er
569 2126 609 2158 ſich
627 2127 705 2154 daran
724 2133 752 2159 zu
770 2126 917 2154 verbrennen
935 2128 998 2159 liebt,
1016 2127 1222 2159 „brüle-gueule“
1240 2128 1331 2159 getauft

274 2158 325 2189 hat.
357 2158 406 2191 Im
425 2159 575 2191 Gegentheil,
593 2162 621 2186 es
640 2159 667 2190 iſt
685 2159 723 2187 ein
741 2167 804 2191 ganz
820 2159 996 2191 miniſterielles
1014 2147 1167 2191 Prachtſtück,
1185 2162 1235 2187 aus
1252 2159 1331 2187 Meer—

276 2191 367 2224 ſchaum
386 2192 435 2219 und
447 2191 574 2224 Bernſtein
592 2191 806 2225 zuſammengeſetzt
820 2193 870 2220 und
883 2192 946 2223 ſelbſt
964 2192 1063 2225 größere
1075 2192 1275 2221 Staatsmänner
1291 2192 1331 2219 als

274 2225 337 2257 Herr
353 2224 449 2256 Lopere,
467 2225 549 2254 welche
567 2225 666 2255 beinahe
683 2226 739 2253 eben
757 2226 781 2255 ſo
800 2225 873 2257 große
889 2226 982 2257 RNaucher
984 2225 1061 2257 ſein
1079 2225 1160 2257 ſollen,
1178 2226 1273 2256 dürften
1292 2225 1331 2257 ſich

275 2257 337 2285 beim
363 2257 578 2295 Parlamentsbier
606 2258 698 2291 ſolcher
716 2257 811 2290 Pfeife
825 2258 886 2290 nicht
912 2259 1023 2290 ſchümen.
1056 2258 1137 2286 Allein
1165 2258 1227 2291 Herr
1244 2258 1331 2290 Lepöre

275 2290 403 2318 übertreibt
421 2293 448 2318 es
466 2290 491 2318 in
510 2290 584 2323 ſeiner
601 2290 774 2323 Leidenſchaft;
804 2299 828 2318 er
845 2291 926 2324 bringt
942 2292 979 2319 die
997 2291 1077 2329 Pfeife
1095 2291 1144 2318 und
1161 2290 1205 2319 den
1222 2289 1332 2318 Tabaks—

275 2388 385 2420 bejiſchen
402 2389 491 2420 Unſitte
518 2390 560 2417 bes
579 2390 708 2419 Rauchens
735 2390 770 2421 iſt,
798 2390 849 2417 will
866 2391 924 2417 über
940 2390 987 2417 das
1006 2390 1102 2422 ſaloppe
1127 2397 1160 2417 und
1163 2390 1331 2422 burſchikoſe

275 2421 358 2453 Weſen
375 2421 450 2454 ſeines
469 2422 584 2455 Kollegen
602 2423 670 2454 ſchier
701 2426 750 2450 aus
779 2423 831 2450 dem
851 2423 1024 2454 Miniſterfrack
1049 2423 1142 2455 fahren.
1184 2422 1270 2455 Indeß
1288 2424 1330 2450 des

274 2455 537 2487 FKtammerpräſidenten
555 2455 629 2483 Wille
646 2455 674 2485 iſt
692 2462 734 2488 zur
750 2455 806 2488 Zeit
822 2457 879 2488 noch
898 2456 989 2488 ſtärker,
1017 2456 1059 2484 als
1077 2457 1119 2484 des
1138 2456 1330 2488 Kabinetspräſi—

274 2552 475 2584 Teufelskrautes
493 2553 540 2581 alle
558 2554 631 2581 Akten
650 2561 678 2586 zu
696 2554 852 2587 ſchwängern,
871 2555 907 2582 die
925 2555 994 2587 durch
1012 2555 1073 2587 ſeine
1090 2555 1175 2587 Hände
1193 2555 1275 2587 gehen.

276 1863 377 1895 nämlich
395 1863 486 1891 allerlei
504 1863 695 1894 Gewohnheiten
712 1867 761 1891 aus
779 1864 854 1896 ſeiner
871 1863 956 1896 fidelen
974 1863 1160 1895 Studentenzeit
1180 1863 1331 1895 beibehalten,

276 1897 348 1924 unter
365 1897 476 1924 Anderen
505 1896 541 1924 die
570 1897 613 1924 des
631 1896 799 1928 Rauchens.
832 1896 886 1925 Und
903 1902 954 1924 wenn
956 1904 1001 1924 er
1004 1895 1177 1928 wenigſtens
1204 1896 1260 1928 noch
1279 1897 1331 1928 gute

275 2323 352 2350 beutel
371 2323 415 2351 mit
434 2323 460 2351 in
478 2324 521 2351 den
539 2324 719 2355 Miniſterrath,
736 2325 785 2351 und
803 2324 937 2357 Freycinet,
965 2325 1005 2352 der
1027 2332 1065 2352 ein
1082 2324 1212 2357 pedantiſch
1231 2324 1332 2356 ſtrenger

277 2355 433 2387 Gentleman,
450 2355 489 2383 ein
507 2356 602 2387 Muſter
620 2355 817 2389 ariſtokratiſcher
830 2357 937 2389 Eleganz
955 2358 1004 2385 und
1030 2357 1069 2385 ein
1087 2357 1209 2387 Todfeind
1227 2357 1253 2384 der
1255 2358 1331 2389 ple—

274 2487 359 2515 denten
376 2487 532 2519 Widerwille,
561 2488 611 2515 und
639 2488 664 2520 ſo
693 2488 753 2516 wird
761 2488 841 2516 denn
867 2494 911 2516 vor
937 2489 977 2517 der
994 2489 1067 2521 Hand
1085 2489 1148 2521 Herr
1165 2489 1244 2520 Lepéère
1245 2489 1330 2521 fort—

274 2520 367 2552 fahren,
386 2520 420 2548 im
437 2520 536 2553 Kounſeil
554 2520 632 2552 ſeinen
645 2521 786 2553 „Caporal“
806 2528 834 2553 zu
852 2522 965 2552 qualmen
983 2523 1032 2550 und
1050 2522 1095 2550 mit
1113 2523 1152 2549 dem
1149 2522 1229 2553 Duft
1232 2521 1329 2553 dieſes

322 2601 349 2629 Da
351 2601 416 2633 ich
442 2601 466 2634 ſo
491 2602 538 2630 viel
555 2607 604 2631 von
630 2603 675 2631 den
698 2603 763 2631 alten
781 2603 912 2635 Miniſtern
930 2604 1075 2636 geſprochen,
1103 2604 1176 2636 laſſen
1195 2603 1243 2632 Sie
1272 2603 1328 2636 mich

273 2633 336 2666 raſch
354 2636 409 2663 noch
428 2637 506 2661 etwas
526 2643 571 2661 von
590 2638 634 2662 den
653 2643 729 2663 neuen
747 2637 824 2667 ſagen,
854 2636 893 2667 ehe
919 2636 960 2663 der
985 2637 1094 2664 Metteur
1119 2637 1167 2664 mir
1183 2637 1220 2664 die
1239 2636 1328 2667 Spalte

273 2731 381 2762 bekannt,
399 2732 469 2759 weil
486 2739 512 2759 er
530 2732 642 2760 Senator
659 2732 687 2765 iſt
704 2734 753 2760 und
771 2734 879 2765 obwohl
887 2734 923 2761 er
926 2735 1021 2765 ſchon
1033 2734 1123 2762 einmal
1136 2735 1250 2765 Miniſter
1270 2741 1328 2763 war.

274 2764 311 2793 Er
328 2764 423 2797 gehörte
440 2764 541 2796 nämlich
560 2765 600 2792 der
617 2765 756 2799 Regierung
773 2771 829 2793 vom
846 2767 871 2794 4.
889 2766 1034 2798 September
1059 2775 1074 2795 an
1077 2775 1143 2795 und
1145 2768 1249 2799 ſcheint
1251 2768 1328 2799 ſehr

274 2797 415 2830 ſegensreich
434 2798 528 2829 gewirkt
546 2805 574 2830 zu
592 2798 677 2829 haben,
695 2799 726 2826 da
744 2798 784 2831 ſich
803 2799 850 2826 das
868 2798 1000 2832 Publikum
1028 2808 1058 2832 gar
1061 2800 1151 2832 nicht
1168 2802 1235 2832 mehr
1252 2802 1327 2828 daran

274 2830 387 2858 erinnert.
421 2829 457 2858 Er
475 2830 510 2862 iſt,
540 2838 582 2858 um
608 2834 636 2858 es
662 2832 716 2864 kurz
742 2838 771 2864 zu
799 2832 877 2864 ſagen,
906 2833 945 2860 der
963 2833 1031 2864 Sohn
1032 2832 1133 2864 ſeines
1150 2833 1252 2861 Vaters.
1286 2834 1327 2861 Da

273 2862 344 2893 dieſer
361 2863 540 2895 Abgeordneter
557 2869 621 2895 war,
646 2864 687 2892 der
712 2864 800 2892 Linken
827 2865 962 2898 angehörte,
989 2866 1027 2893 die
1053 2866 1168 2897 ſchönſten
1185 2866 1326 2898 Weinberge

272 2896 322 2923 und
340 2896 377 2923 die
393 2896 569 2935 bedeutendſten
587 2896 733 2928 Eiſenwerke
750 2897 776 2924 in
788 2897 894 2930 Burgund
896 2898 1005 2929 beſaß,
1024 2898 1047 2930 ſo
1064 2898 1093 2929 iſt
1111 2903 1138 2926 es
1152 2899 1237 2931 ſeinem
1247 2899 1325 2927 Erben

273 2927 312 2955 ein
329 2928 443 2961 Leichtes,
453 2929 503 2960 ihm
522 2936 546 2957 in
565 2930 629 2957 allen
646 2929 721 2961 dieſen
732 2929 835 2958 Stücken
853 2932 1037 2963 nachzuahmen.
1062 2932 1111 2959 Als
1130 2939 1154 2959 er
1171 2932 1256 2964 jünger
1268 2938 1325 2964 war,

272 2960 327 2993 hieß
346 2968 370 2989 er
386 2962 426 2989 der
444 2961 553 2994 „ſchöne“
564 2962 674 2995 Magnin,
676 2963 742 2995 ſeit
760 2963 802 2995 ihn
820 2963 877 2991 aber
895 2965 931 2991 die
943 2964 1059 2996 Rehläuſe
1071 2966 1159 2996 plagen
1170 2979 1202 2983 —
1214 2966 1326 2993 worüber

271 2992 323 3025 ihm
340 3001 413 3026 graue
430 2994 512 3027 Haare
540 2995 642 3027 wachſen
660 3010 693 3014 —
710 2996 738 3027 iſt
765 2999 792 3023 es
821 2996 866 3024 mit
894 2997 935 3024 der
961 2997 1095 3027 Schönheit
1121 2998 1211 3026 vorbei.
1250 2998 1326 3026 Seine

274 3194 301 3216 es
320 3190 392 3227 heißt,
410 3191 458 3221 daß
484 3191 556 3222 dieſer
582 3191 670 3219 bereits
690 3192 715 3218 in
733 3192 773 3219 der
796 3192 887 3224 Perſon
906 3193 948 3219 des
966 3192 1112 3224 Deputirlen
1130 3193 1265 3227 Wilſon,
1283 3195 1324 3222 des

273 3222 392 3253 „kleinen“
410 3223 515 3254 Wilſon,
534 3223 578 3250 wie
596 3231 654 3250 man
674 3223 715 3254 ihn
733 3223 759 3251 in
776 3224 820 3251 den
838 3224 958 3252 Couloirs
977 3226 1075 3257 betitelt,
1092 3226 1202 3257 gefunden
1203 3226 1266 3257 ſei.

320 3254 377 3281 Den
395 3255 531 3282 Beinamen
557 3256 599 3282 des
628 3256 759 3287 „Kleinen“
787 3257 830 3287 hat
856 3264 881 3284 er
904 3262 947 3284 vor
965 3265 1028 3284 neun
1045 3258 1135 3290 Jahren
1136 3259 1277 3290 erhalten,
1294 3259 1323 3285 da

271 3292 297 3313 er
314 3286 354 3313 als
372 3285 458 3320 junger
482 3287 611 3314 Lebemann
613 3287 688 3320 ſich
713 3289 783 3315 unter
808 3288 845 3315 die
863 3289 1073 3321 Parlamentarier
1089 3290 1197 3327 miſchte.
1222 3291 1257 3319 Er
1274 3296 1325 3319 war

273 3318 314 3346 bis
333 3318 406 3351 dahin
419 3318 471 3347 ein
488 3319 581 3352 Dandy
608 3325 656 3347 von
681 3320 722 3348 der
747 3320 865 3351 wildeſten
889 3321 968 3349 Sorte
985 3323 1095 3355 geweſen,
1112 3331 1176 3351 einer
1193 3324 1256 3355 jeuner
1273 3331 1324 3352 vor—

272 3351 373 3382 nehmen
402 3351 493 3385 jungen
511 3352 654 3385 Wüſtlinge,
682 3353 751 3381 deren
768 3353 854 3386 Haupt
871 3356 921 3382 und
939 3355 1043 3383 Vorbild
1066 3356 1140 3390 neben
1162 3357 1214 3384 dem
1231 3357 1323 3390 Herzog

273 3388 321 3411 von
349 3384 657 3417 Grammont-⸗Caderouſſe
685 3386 763 3419 Prinz
781 3392 829 3414 von
847 3387 960 3415 Oranien
989 3394 1027 3416 war
1030 3396 1090 3415 und
1093 3389 1145 3421 zu
1146 3390 1231 3417 deren
1233 3391 1324 3417 über—

270 3416 383 3444 lebenden
411 3419 536 3450 traurigen
565 3418 763 3450 Berühmtheiten
793 3420 834 3446 der
852 3420 972 3453 Marquis
997 3421 1024 3448 de
1042 3421 1119 3453 Caux,
1147 3423 1188 3449 der
1205 3423 1282 3451 Gatte
1298 3424 1321 3449 in

269 3451 382 3482 partibus
400 3454 447 3478 von
465 3450 569 3478 Adelina
587 3451 666 3484 Patti,
685 3451 778 3484 gehört.
812 3452 868 3479 Aus
895 3453 977 3485 dieſem
995 3454 1101 3481 Strudel
1117 3454 1155 3485 riß
1174 3456 1218 3482 den
1236 3455 1322 3487 jungen

271 3481 366 3513 Wilſon
383 3482 424 3510 der
429 3483 522 3516 Ktrieg,
541 3483 639 3515 worauf
656 3483 715 3512 ſeine
734 3484 871 3517 Schweſter,
890 3485 926 3512 die
949 3486 1018 3517 durch
1036 3487 1175 3519 Reichthum
1193 3488 1224 3516 wie
1227 3489 1322 3519 durch

266 3914 315 3937 von
334 3909 605 3944 „Richter⸗-Hagen“,
642 3919 667 3939 er
696 3911 722 3944 iſt
751 3912 792 3939 der
809 3912 914 3946 ſiändige
943 3913 1254 3946 Budget⸗Berichterſtatter
1273 3918 1321 3944 und

271 3514 407 3547 Schönheit
424 3516 494 3553 gleich
513 3517 703 3550 ausgezeichnete
721 3517 840 3545 Madame
863 3518 976 3551 Pelouze,
1006 3519 1048 3551 ihn
1066 3520 1134 3550 durch
1153 3521 1202 3552 ihre
1220 3521 1320 3549 Bauern

268 3613 320 3642 will
337 3613 425 3646 wiſſen,
443 3614 490 3645 daß
501 3614 605 3643 Madame
609 3615 747 3648 Pelouze,
765 3615 801 3643 die
813 3616 918 3649 reizende
935 3618 984 3645 und
997 3619 1114 3650 begüterte
1130 3619 1203 3651 junge
1215 3619 1321 3651 Witlwe,

269 3653 298 3679 zu
314 3646 367 3674 dem
385 3646 544 3679 Präſidenten
570 3648 657 3681 Gréëvy
676 3648 702 3675 in
718 3647 846 3679 intimſten
863 3650 1032 3682 Beziehungen
1058 3651 1126 3682 ſtehe,
1152 3654 1202 3680 und
1219 3653 1249 3680 daß
1252 3653 1319 3682 die

268 3678 343 3710 raſche
360 3679 482 3712 Karrière,
500 3680 537 3707 die
562 3681 603 3708 der
621 3681 714 3712 „keine“
740 3681 837 3710 Wilſon
863 3682 903 3715 ſeit
927 3685 990 3711 1871
1000 3686 1119 3715 .gemacht,
1137 3685 1264 3715 weſentlich
1282 3686 1320 3712 der

268 3711 410 3744 Protektion
437 3713 491 3740 des
504 3713 584 3746 Herrn
602 3713 688 3745 Groͤvy
697 3721 734 3752 zu
752 3715 882 3743 verdanken
900 3715 937 3747 ſei.
979 3716 1000 3744 An
1003 3717 1078 3748 ſich
1097 3717 1124 3750 iſt
1141 3720 1225 3750 letztere
1243 3718 1320 3748 That—

267 3744 328 3777 ſache
346 3745 425 3778 gewiß
443 3746 534 3779 richtig,
551 3748 608 3774 aber
625 3750 652 3774 es
671 3752 735 3774 ware
752 3749 883 3780 ungerecht,
901 3748 948 3776 das
971 3750 1050 3782 eigene
1067 3749 1192 3782 Verdienſt
1209 3751 1320 3782 Wilſons

267 3784 297 3811 zu
313 3778 487 3811 unterſchätzen,
514 3780 555 3807 der
579 3782 606 3807 es
626 3780 771 3812 verſtanden,
798 3780 839 3813 ſich
865 3781 891 3809 in
908 3782 949 3809 der
966 3782 1082 3810 Kammer
1104 3784 1154 3811 eine
1173 3784 1319 3817 Spezialität

266 3883 334 3910 meux
351 3876 378 3907 iſt
404 3877 506 3906 nämlich
538 3879 605 3909 heute
638 3879 709 3906 unter
734 3879 777 3906 den
812 3876 980 3912 franzöſiſchen
1010 3881 1156 3912 Deputirten
1191 3884 1242 3911 eine
1276 3884 1320 3911 Art

274 2669 320 2693 vor
336 2667 376 2693 der
393 2666 455 2696 Naſe
474 2666 604 2699 zuſchließt.
638 2667 664 2695 Da
667 2667 726 2698 iſt
744 2667 818 2699 zuerſt
835 2668 876 2695 der
893 2669 1082 2700 mehrerwähnte
1099 2668 1163 2701 Herr
1179 2669 1328 2701 Magnin,

273 2698 315 2726 der
332 2698 543 2731 Finanzminiſter.
576 2699 617 2732 In
642 2700 682 2727 der
707 2700 841 2732 politiſchen
859 2700 923 2728 Welt
952 2701 980 2732 iſt
997 2701 1069 2733 dieſer
1086 2701 1169 2729 Mann
1187 2709 1235 2729 nur
1252 2702 1328 2734 wenig

273 3059 310 3087 bei
337 3060 378 3087 der
405 3059 586 3093 Jahresbilanz
615 3062 659 3093 auf
687 3061 728 3089 der
755 3062 916 3093 Habet-Seite
945 3064 1028 3090 notirt.
1073 3063 1122 3091 Die
1150 3071 1209 3091 neue
1236 3064 1326 3092 Würde

272 3026 483 3061 Hauptverdienſte
500 3028 550 3060 ſind
568 3028 697 3060 jedenfalls
714 3028 854 3062 diejenigen,
877 3030 959 3061 welche
976 3030 1024 3060 ſein
1041 3030 1260 3062 Hauptbuchhalter
1277 3031 1325 3062 ihm

272 3092 334 3120 wird
367 3093 433 3124 wohl
452 3092 518 3127 ſehr
551 3094 667 3126 genehm,
701 3094 738 3122 die
765 3093 844 3122 damit
871 3095 1020 3123 verbundene
1048 3096 1131 3124 Bürde
1165 3098 1221 3124 aber
1247 3097 1325 3129 wenig

271 3125 369 3157 bequem
386 3125 443 3156 ſein.
477 3126 534 3153 Man
534 3127 600 3158 hat
602 3127 681 3154 denn
684 3128 773 3160 auch
792 3126 868 3158 ſofort
883 3128 961 3155 daran
979 3129 1079 3160 gedacht,
1106 3129 1157 3160 ihm
1183 3129 1241 3156 einen
1242 3130 1326 3160 tüch—

273 3156 337 3189 tigen
366 3157 560 3190 arbeitsluſtigen
588 3158 870 3190 Unterſtaats⸗Sekretär
898 3167 930 3187 an
946 3159 991 3188 die
1001 3160 1072 3188 Seite
1100 3168 1129 3193 zu
1157 3161 1248 3192 ſtellen,
1278 3162 1326 3189 und

270 3554 324 3581 zum
343 3548 489 3580 Deputirten
507 3548 602 3581 wählen
620 3549 667 3580 ließ
686 3549 742 3581 und,
760 3550 882 3582 gleichſam
899 3552 944 3579 wie
967 3551 992 3579 in
1010 3552 1060 3580 eine
1077 3553 1321 3585 Beſſerungsanſtalt,

269 3580 311 3609 ins
329 3580 464 3614 Parlament
467 3581 585 3613 ſchickte.
631 3582 680 3610 Ein
709 3583 761 3615 mehr
763 3584 901 3616 pikantes
929 3585 970 3611 als
988 3585 1200 3617 wahrſcheinliches
1219 3587 1321 3617 Gerücht

266 3817 297 3844 zu
308 3810 418 3844 ſchaffen,
436 3813 486 3839 und
511 3812 552 3840 der
577 3812 623 3840 mit
648 3812 759 3843 eiſernem
777 3812 850 3846 Fleiß
877 3815 955 3842 daran
981 3816 1107 3848 gearbeitet
1125 3817 1173 3848 hat,
1199 3817 1244 3845 den
1270 3817 1321 3848 Ruf

266 3842 339 3876 bdieſer
354 3842 507 3877 Spezialität
533 3845 577 3875 auf
602 3845 652 3873 eine
670 3845 741 3876 ſolide
758 3845 835 3878 Baſis
859 3854 888 3879 zu
906 3847 994 3878 ſtellen.
1027 3848 1080 3876 Der
1097 3849 1226 3881 ehemalige
1244 3850 1321 3879 Gom—

313 4031 346 4036 —
363 4016 433 4044 Von
449 4017 568 4045 Robert
589 4018 754 4052 Hamerling
762 4019 910 4052 erſcheint
935 4020 1065 4051 demnächſt
1091 4021 1128 4048 ein
1155 4024 1229 4049 neues
1257 4021 1322 4052 fünf—

266 4049 356 4083 aktiges
375 4050 488 4082 Luſtſpiel
508 4051 541 4078 im
559 4051 644 4083 Druck,
670 4052 717 4079 das
744 4051 789 4080 den
807 4052 873 4080 Titel
892 4052 972 4085 „Lord
988 4053 1099 4084 Lucifer“
1123 4053 1200 4085 führt.
1232 4054 1321 4085 Jeden—

264 4082 326 4112 falls
350 4082 399 4110 eine
418 4084 568 4116 intereſſante
584 4084 754 4118 Erſcheinung,
779 4087 824 4118 auf
849 4086 885 4113 die
911 4085 958 4114 wir
983 4086 1112 4119 eingehend
1135 4087 1320 4119 zurückkommen

264 4116 366 4142 werden.

314 4165 360 4198 Læ.
378 4165 446 4194 Aus
464 4166 566 4199 Paris
584 4167 647 4195 wird
665 4168 789 4201 gemeldet:
823 4168 918 4201 „Jules
935 4168 1049 4200 Barbier,
1073 4168 1114 4197 der
1130 4169 1321 4202 unerſchöpfliche

263 4197 392 4229 Librettiſt,
410 4200 517 4229 welchem
536 4200 653 4232 Gounod,
680 4200 806 4232 Ambroiſe
823 4202 946 4233 Thomas,
976 4201 1061 4230 Victor
1079 4202 1161 4234 Maſſé
1179 4210 1205 4230 u.
1222 4203 1245 4230 A.
1246 4204 1320 4234 ihre

264 4231 421 4263 wirkſamſten
439 4232 585 4266 Operntexte
604 4240 633 4264 zu
650 4234 740 4261 danken
766 4235 850 4266 haben,
876 4234 904 4265 iſt
922 4234 1003 4265 ſoeben
1026 4236 1067 4262 als
1085 4236 1209 4264 Kandidat
1226 4237 1268 4267 für
1284 4237 1319 4264 die

261 4330 338 4357 abend
356 4330 394 4357 ein
423 4331 512 4358 älteres
541 4332 591 4359 und
620 4332 687 4364 ſchon
705 4333 739 4359 im
756 4332 835 4361 Druck
862 4333 1018 4366 erſchienenes
1046 4334 1187 4366 dreiaktiges
1205 4335 1319 4366 Luſtſpiel

262 4366 311 4390 von
344 4362 425 4396 Jules
459 4364 582 4392 Barbier:
617 4365 673 4397 „Un
701 4366 806 4391 Homme
838 4366 853 4392 ä
878 4366 1023 4399 plaindre!“
1057 4366 1113 4399 („O
1147 4368 1187 4395 der
1220 4368 1319 4399 Bejam—

262 4427 432 4460 geſchriebenen
458 4429 561 4462 Stückes
590 4429 626 4463 iſt,
655 4430 700 4459 wie
728 4438 786 4459 man
815 4434 869 4464 wohl
872 4433 977 4463 ſchon
1005 4432 1115 4464 errathen
1141 4433 1191 4465 hat,
1219 4434 1317 4465 ironiſch

254 5357 346 5387 Saaſie
364 5360 446 5392 ſobalb
460 5362 523 5399 nicht
538 5364 719 5399 verſichwinden.

261 4652 349 4680 trauen
365 4656 411 4682 von
428 4655 502 4685 einem
519 4660 652 4689 Bedienten
668 4661 738 4694 ſogar
754 4661 891 4694 überreden,
916 4662 964 4695 daß
981 4662 1042 4696 ſeine
1058 4663 1137 4696 Frau,
1162 4664 1200 4691 die
1216 4672 1241 4692 er
1259 4665 1314 4696 doch

262 4681 340 4718 längft
368 4686 409 4713 als
435 4687 473 4716 ein
490 4691 584 4723 Muſter
612 4694 673 4722 aller
690 4694 824 4728 weiblichen
840 4694 979 4728 Tugenden
1002 4695 1090 4724 kennen
1110 4696 1184 4729 ſollte,
1210 4697 1253 4735 ihn
1270 4700 1314 4726 mit

262 4717 340 4745 einem
356 4717 465 4752 Freunde
482 4721 578 4758 täuſche,
607 4727 646 4755 ein
663 4726 789 4759 Verdacht,
817 4727 843 4755 in
860 4729 967 4759 welchem
992 4728 1034 4761 ihn
1052 4729 1090 4757 ein
1113 4731 1314 4761 wohlmeinender

260 4749 361 4783 Oheim,
387 4758 429 4779 um
447 4753 487 4784 ihn
514 4759 562 4782 von
591 4758 665 4790 ſeiner
681 4760 769 4789 Manie
786 4767 816 4793 zu
832 4761 916 4793 heilen,
934 4762 989 4793 noch
1007 4761 1112 4793 beſtärkt.
1146 4762 1201 4791 Wie
1218 4770 1270 4791 nun
1288 4764 1313 4792 in

260 4781 419 4816 Fortunatus
447 4785 484 4813 die
500 4787 580 4818 beſſere
597 4791 680 4820 Natur
706 4793 751 4821 mit
777 4793 862 4823 ſeinem
882 4794 1001 4827 unſeligen
1019 4794 1208 4828 Menſchenhaſſe
1225 4796 1313 4828 kämpft

256 4913 460 4951 Achtungserfolg
478 4926 572 4951 errang.

576 4920 587 4930 FP
312 4978 341 4983 —
357 4965 495 4995 Laube's
524 4976 618 4996 neuer
646 4969 765 4998 Roman
790 4974 855 5006 „Die
871 4975 1040 5010 Böhminger“
1065 4976 1145 5009 dürfte
1173 4978 1200 5005 in
1217 4977 1311 5017 einigen

258 4995 381 5026 Monaten
400 4999 433 5027 im
444 4999 550 5034 Verlage
567 5006 615 5030 von
626 5002 764 5036 Hallberger
765 5006 925 5039 erſcheinen.
932 5008 996 5038 Das
1004 5009 1159 5041 Manuſtript
1177 5010 1204 5039 iſt
1222 5011 1310 5040 bereits

255 5033 300 5058 vor
318 5031 412 5064 einigen
428 5032 516 5067 Tagen
534 5036 678 5069 vollſtändig
696 5037 735 5064 der
752 5036 970 5072 Verlagshandlung
972 5043 1146 5076 eingeſchickt
1163 5043 1270 5073 worden.

304 5094 337 5099 —
362 5080 657 5117 Sacher⸗Maſoch's
684 5086 830 5118 Operette
848 5089 912 5119 „Die
929 5091 1039 5123 Wächter
1064 5093 1104 5120 der
1121 5093 1224 5121 Moral“
1249 5093 1310 5122 wird

251 5177 303 5240 fre
305 5178 371 5245 dt
369 5180 453 5242 nbeit
480 5183 531 5211 und
559 5183 599 5216 ihr
615 5183 706 5213 Talent
733 5186 806 5220 gleich
834 5186 989 5221 voriheilhaft
1010 5192 1123 5220 bekannte
1139 5191 1219 5221 Olma
1247 5193 1309 5226 ſingt

254 5325 296 5350 nen
315 5327 380 5356 Titel
397 5331 506 5365 entlehnt
520 5331 571 5364 hat,
583 5334 665 5365 macht
681 5337 737 5367 gute
752 5334 846 5369 Häuſer
870 5338 921 5366 und
938 5337 1017 5371 dürfte
1041 5341 1091 5367 aus
1109 5339 1151 5368 der
1167 5340 1308 5370 Dresdener

263 4263 389 4292 Akademie
407 4265 553 4298 aufgetreten
582 4267 640 4298 und,
669 4273 701 4294 um
703 4266 788 4297 ſeine
805 4267 957 4300 Bewerbung
974 4275 1004 4300 zu
1020 4268 1181 4300 unterſtützen,
1211 4269 1253 4300 hat
1281 4270 1320 4297 der

263 4296 313 4329 ihm
332 4297 479 4328 befreundete
496 4299 611 4327 Direktor
628 4300 672 4326 des
690 4299 934 4332 Odeon⸗Theaters
961 4302 1005 4330 auf
1031 4301 1102 4332 dieſer
1125 4300 1213 4332 Bühne
1232 4302 1319 4330 Sonn—

260 4396 477 4428 mernswerthe!“)
512 4396 539 4424 in
573 4396 655 4431 Szene
682 4398 763 4431 gehen
797 4398 886 4431 laſſen.
912 4399 966 4427 Der
998 4398 1066 4427 Titel
1099 4400 1142 4428 des
1176 4400 1203 4428 in
1230 4401 1317 4432 Verſen

261 4522 338 4551 einem
380 4527 502 4561 galligen,
553 4529 736 4562 peſſimiſtiſchen
768 4529 956 4563 Temperament
996 4531 1169 4564 ausgeſtattet,
1218 4534 1315 4564 welches

263 4553 312 4584 ihm
337 4555 384 4588 ſein
409 4560 434 4591 ſo
443 4560 594 4595 geſegnetes
612 4559 704 4595 Daſein
721 4563 831 4590 verleidet
858 4564 907 4591 und
925 4564 968 4597 ihn
978 4564 1015 4592 in
1031 4564 1072 4592 der
1089 4564 1240 4597 krankhaften
1257 4566 1317 4595 Ein—

262 4585 362 4620 bildung
380 4592 472 4627 erhält,
498 4592 547 4627 daß
565 4602 590 4622 er
607 4595 648 4623 der
665 4596 838 4628 unglücklichſte
857 4597 918 4625 aller
934 4595 1086 4629 Sterblichen
1103 4597 1142 4629 ſei.
1175 4598 1198 4626 Er
1199 4598 1315 4631 ärgert,

263 4618 363 4652 ereifert,
389 4625 499 4657 entrüſtet
527 4625 568 4660 ſich
586 4628 644 4656 über
660 4628 732 4656 Alles
758 4629 808 4656 und
833 4628 886 4662 läßt
911 4629 959 4663 ſich
971 4629 997 4663 in
1006 4629 1100 4663 ſeinem
1117 4630 1228 4663 finſteren
1246 4628 1316 4664 Miß—

259 4821 293 4844 und
295 4816 451 4850 ſchließlich
469 4819 513 4846 den
531 4820 592 4853 Sieg
610 4826 715 4854 gewinnt
732 4840 763 4844 —
781 4826 840 4857 dieſe
862 4826 1043 4861 pſychologiſche
1060 4828 1223 4861 Entwicklung
1242 4829 1314 4858 bildet

258 4847 303 4876 den
321 4848 393 4883 Stoff
418 4851 461 4879 des
479 4860 512 4880 an
529 4853 660 4887 Haudlung
676 4865 767 4891 armen,
796 4859 852 4887 aber
880 4859 924 4888 mit
942 4860 1030 4893 feinem
1047 4861 1200 4893 moraliſchen
1214 4861 1312 4893 Gefühl

257 4881 308 4909 und
337 4883 361 4910 in
390 4883 499 4915 ſauberer
521 4884 605 4918 Poetik
632 4887 827 4924 durchgeführten
850 4891 954 4926 Stücks,
982 4894 1082 4926 welches
1105 4894 1173 4922 einen
1196 4895 1312 4927 ehrbaren

253 5113 329 5145 zerſt
354 5113 380 5142 in
397 5114 462 5147 Veſt,
488 5117 539 5144 und
557 5123 623 5149 zwar
647 5119 735 5147 bereits
760 5119 794 5147 im
811 5119 922 5154 Januar,
948 5131 991 5157 zur
1007 5125 1166 5158 Aufführung
1195 5126 1310 5155 kommen.

251 5143 366 5175 Direltor
383 5147 474 5176 Robert
493 5149 588 5178 Müller
617 5151 660 5181 hat
687 5152 782 5187 dieſelbe
796 5153 924 5187 glänzend
951 5158 1117 5191 ausgeſtattet.
1163 5158 1212 5187 Die
1240 5160 1310 5192 durch

300 5265 331 5292 —
350 5263 450 5294 „Eine
478 5264 622 5300 ſchwarze
650 5266 791 5302 Venus“,
819 5269 856 5298 die
878 5270 981 5299 Novität
1008 5271 1052 5300 des
1069 5273 1308 5307 Louiſenſtuͤdtiſchen

256 5290 384 5327 Theaters,
401 5296 439 5325 die
456 5298 510 5326 dem
527 5299 674 5332 Boͤlot'ſchen
691 5299 1308 5341 IEIIIIIIIIIIII

262 4460 377 4491 gemeint:
410 4461 586 4496 Fortunatus,
621 4463 662 4491 der
695 4463 772 4497 Held,
804 4464 845 4492 der
878 4464 941 4496 nicht
974 4464 1079 4497 umſonſt
1112 4466 1188 4497 dieſen
1221 4466 1316 4495 Namen

262 4490 346 4524 führt,
379 4493 420 4527 iſt
421 4494 550 4528 vielmehr
577 4496 615 4523 ein
645 4495 799 4529 Schooßkind
826 4498 870 4525 des
899 4498 1000 4527 Glückes
1029 4499 1079 4526 und
1107 4499 1246 4531 gleichwohl
1273 4500 1316 4528 mit

1358 834 1440 864 Stelle
1456 835 1491 863 im
1508 834 1763 870 Finanzminiſterium
1781 844 1810 875 zu
1828 837 1982 870 vertauſchen.

1405 867 1464 896 Von
1480 868 1525 896 den
1543 869 1633 897 andern
1651 877 1727 897 neuen
1745 868 1877 901 Miniſtern
1894 870 1921 902 iſt
1938 870 2000 903 nicht
2017 870 2065 898 viel
2088 878 2117 903 zu
2138 871 2217 903 ſagen.
2250 869 2361 903 Cazokt,
2379 857 2419 898 dber

2245 1430 2277 1457 G.
2294 1432 2328 1457 A.
2343 1431 2370 1457 P.

1357 1097 1500 1131 Protektion
1517 1098 1685 1128 Gambetta's.
1718 1099 1755 1129 Er
1771 1106 1824 1128 war
1841 1103 1886 1132 es,
1913 1100 1956 1128 der
1980 1100 2015 1128 im
2033 1100 2179 1133 Spätherbſt
2198 1103 2262 1129 1870
2274 1101 2325 1129 die
2346 1101 2418 1133 Regi—

1356 1131 1890 1202 —————————
1918 1133 1956 1161 bei
1983 1133 2129 1166 Bapaume,
2158 1133 2205 1163 St.
2232 1134 2345 1163 Quentin
2368 1134 2418 1162 und

1363 1427 1464 1454 werben.

1354 703 1396 732 der
1429 703 1595 737 verſtändigſte
1625 704 1857 738 Budget⸗Kritiker.
1907 705 1951 735 Ob
1985 713 2010 734 er
2043 705 2131 738 freilich
2166 705 2201 734 im
2234 705 2333 734 Stande
2367 705 2415 737 ſein

1355 736 1425 768 wird,
1442 736 1479 765 die
1497 736 1735 770 Geſchäftskenntniß
1753 738 1802 766 und
1819 738 1856 766 die
1873 738 2037 770 Arbeitskraft
2061 738 2128 768 Leon
2146 739 2229 772 Say't
2255 746 2284 772 zu
2313 738 2413 772 erſetzen,

1356 770 1405 797 das
1422 769 1484 798 wird
1501 777 1526 798 er
1543 770 1586 803 erſt
1604 770 1716 803 beweiſen
1732 771 1839 804 müſſen,
1864 771 1926 805 falls
1952 779 1976 800 er
2002 772 2137 803 überhaupt
2154 771 2287 805 einwilligt,
2305 771 2350 800 den
2366 770 2416 803 ein—

1356 801 1499 835 flußreichen
1516 802 1607 835 Poſten
1624 811 1658 832 an
1688 804 1729 832 der
1755 803 1838 838 Spitze
1863 803 1904 833 ber
1920 804 2168 838 Budgetkommiſſion
2196 806 2242 834 mit
2258 805 2299 833 der
2316 804 2413 838 zweiten

1356 900 1502 934 Nachfolger
1518 900 1550 930 Le
1568 901 1674 935 Roher's
1700 903 1734 931 im
1750 902 1913 935 Juſtizfache,
1940 903 1968 934 iſt
1991 903 2036 931 wie
2053 902 2125 935 dieſer
2140 902 2272 935 Senator,
2300 903 2343 932 aber
2344 903 2418 935 faſt

1357 934 1464 967 garnicht
1481 934 1590 963 bekannt.
1622 935 1750 969 Varroyh,
1755 936 1821 968 der
1839 942 1898 964 neue
1916 935 2131 967 Bautenminiſter,
2150 937 2284 969 gleichfalls
2298 936 2418 969 Senator,

1356 972 1410 995 war
1426 966 1510 999 früher
1525 967 1744 997 Betriebsdirektor
1761 968 1802 996 der
1819 968 2088 1002 Paris⸗Straßburger
2104 969 2188 1002 Bahn,
2206 970 2256 998 und
2275 970 2323 1002 ſein
2341 969 2419 997 Name

1357 999 1384 1029 iſt
1401 999 1475 1031 baher
1501 1000 1528 1028 in
1552 1000 1672 1034 deutſchen
1698 1001 1850 1034 Ingenieur⸗
1871 1002 1921 1029 und
1938 1002 2143 1032 Beamtenkreiſen
2173 1003 2274 1034 ziemlich
2303 1002 2418 1034 geläufig.

1357 1031 1465 1061 General
1480 1032 1592 1067 Farre,
1609 1034 1651 1062 der
1669 1041 1728 1062 neue
1745 1034 1963 1067 Kriegsminiſter,
1981 1034 2047 1066 hatte
2064 1035 2147 1067 bisher
2165 1034 2202 1063 ein
2221 1035 2359 1063 Kommando
2361 1035 2418 1063 in

1356 1065 1444 1098 Lyon,
1460 1065 1517 1099 gilt
1544 1066 1585 1094 als
1611 1066 1709 1099 eifriger
1733 1066 1911 1099 Republikaner
1936 1067 1986 1095 und
2004 1068 2115 1095 verdankt
2132 1067 2192 1099 ſeine
2210 1068 2361 1099 Ernennung
2379 1068 2420 1095 der

1407 1196 1612 1230 Charakteriſtiſch
1630 1198 1666 1231 iſt,
1684 1198 1732 1230 daß
1750 1198 1829 1232 Farre
1846 1198 1897 1226 und
1914 1198 2014 1232 Varroy
2040 1198 2105 1228 beide
2129 1199 2213 1232 ebenſo
2230 1199 2276 1228 wie
2292 1199 2418 1233 Freycinet

1360 1229 1402 1257 der
1418 1230 1494 1257 Ecole
1512 1231 1708 1258 Polyteehnidue
1725 1232 1890 1263 entſtammen.
1923 1231 1999 1260 Unter
2005 1231 2060 1260 den
2078 1232 2189 1264 früheren
2196 1231 2336 1265 Zoglingen
2347 1229 2418 1264 dieſer

1356 1262 1452 1295 Anſtalt
1468 1258 1569 1297 herrſchi
1583 1264 1634 1291 eine
1651 1262 1759 1297 foͤrmlich
1776 1264 1975 1296 freimaureriſche
1993 1264 2199 1297 Verbrüderung,
2218 1266 2268 1293 und
2285 1266 2316 1293 da
2334 1265 2412 1294 Gam—⸗

1360 1296 1430 1327 betta,
1448 1296 1489 1324 der
1504 1296 1636 1330 perſönlich
1650 1298 1712 1329 ohne
1729 1297 1880 1331 gründliches
1898 1297 1990 1330 Wiſſen
2007 1297 2057 1326 und
2075 1298 2137 1331 ohne
2155 1297 2202 1326 alle
2214 1298 2418 1331 Spezialbildung

1358 1328 1393 1360 iſt,
1424 1333 1470 1357 vor
1497 1328 1587 1357 Leuten
1605 1329 1650 1357 mit
1669 1329 1785 1362 poſitiven
1814 1329 1970 1363 Kenntniſſen
1999 1331 2067 1359 einen
2096 1332 2188 1363 nahezu
2216 1331 2419 1363 abergläubiſchen

1563 1257 1569 1258 —
1669 1257 1673 1262 EA

1358 1361 1455 1393 Reſpekt
1474 1362 1556 1395 beſitzt,
1574 1362 1605 1396 ſo
1614 1362 1698 1395 ſcheint
1714 1362 1751 1390 die
1767 1362 1823 1396 Zeit
1841 1363 1901 1392 nicht
1919 1364 1986 1394 mehr
2002 1363 2070 1395 fern,
2100 1369 2139 1392 wo
2165 1364 2212 1392 alle
2229 1363 2306 1396 hohen
2323 1364 2419 1392 Aemter

1357 1402 1390 1422 an
1407 1394 1558 1428 Ingenieure
1575 1394 1620 1423 wie
1637 1395 1785 1429 Freycinet
1790 1396 1846 1423 oder
1871 1403 1903 1423 an
1930 1396 2054 1428 Chemiker
2070 1397 2115 1425 wie
2135 1396 2204 1429 Paul
2220 1395 2271 1426 Bert
2272 1399 2412 1429 vergeben

1551 1497 1614 1527 Der
1630 1497 1908 1531 „Bibel⸗eKonflikt“
1926 1499 1956 1526 in
1974 1498 2218 1531 Kronſtantinopel

1368 1537 1458 1575 ſcheint
1486 1539 1616 1572 nnnmehr
1644 1539 1768 1576 beigelegt
1796 1547 1827 1577 zu
1856 1540 1918 1576 ſein,
1950 1540 2106 1577 wenigſtens
2131 1541 2176 1576 hat
2199 1540 2239 1571 die
2258 1540 2352 1577 Pforte
2371 1541 2419 1571 den

1363 1575 1558 1613 Großmächten
1577 1574 1632 1607 eine
1646 1576 1795 1613 Erklärung
1813 1577 1926 1614 zugehen
1945 1577 2037 1614 laſſen,
2059 1579 2163 1614 wonach
2185 1586 2263 1614 gegen
2279 1578 2419 1614 Ahmed—

1359 1612 1482 1649 Tewfik
1505 1612 1660 1650 überhaupt
1691 1614 1753 1649 noch
1787 1613 1856 1645 keine
1874 1614 1973 1650 Strafe
2006 1615 2113 1645 erkannt
2145 1616 2252 1646 worden
2280 1615 2320 1650 iſt.
2362 1615 2415 1646 Die

1359 1648 1559 1688 Angelegenheit
1589 1652 1644 1687 hat
1675 1652 1745 1688 auch
1782 1651 1836 1688 für
1867 1651 2090 1687 Deutſchland
2129 1652 2185 1683 ein
2224 1652 2415 1688 beſonderes

1358 1687 1535 1724 Intereſſe,
1573 1689 1627 1718 als
1665 1689 1715 1718 ein
1749 1687 1909 1724 deutſcher
1938 1688 2128 1725 Unterthan
2166 1689 2215 1720 bei
2246 1689 2414 1725 derſelben

1359 1724 1414 1755 mit
1442 1724 1620 1755 verwickelt
1648 1725 1694 1760 iſt.
1738 1725 1797 1756 Der
1816 1725 1997 1761 Thatbeſtand
2027 1726 2058 1762 iſt
2088 1726 2150 1762 nach
2180 1726 2315 1762 engliſcher
2343 1726 2416 1758 Dar—

1363 1761 1480 1799 ſtellung,
1500 1761 1590 1799 welche
1608 1762 1637 1792 in
1657 1763 1701 1793 der
1716 1762 1850 1800 türkiſchen
1866 1762 2041 1800 Mittheilung
2061 1762 2114 1800 ihre
2134 1763 2308 1800 Beſtätigung
2327 1763 2415 1800 findet,

1361 1798 1406 1829 der
1424 1798 1555 1834 folgende:

1359 2001 1489 2033 gedrucktes
1507 2000 1582 2032 Buch,
1610 2001 1637 2028 in
1666 2000 1718 2028 dem
1747 2003 1797 2028 eine
1825 2001 1878 2029 dem
1894 2001 2074 2033 Islamismus
2103 2002 2318 2033 zuwiderlaufende
2336 2003 2415 2031 Stelle

1359 2099 1429 2126 unter
1437 2100 1477 2126 der
1485 2099 1591 2132 Anklage
1601 2099 1726 2131 verhaftet,
1742 2100 1782 2127 der
1792 2099 1912 2132 Verfaſſer
1920 2100 1985 2133 jener
1996 2100 2120 2132 Schriften
2130 2107 2159 2131 zu
2178 2100 2239 2133 ſein;
2256 2101 2303 2129 das
2322 2102 2416 2133 gericht—

1360 2132 1413 2164 liche
1431 2132 1528 2163 Verhör
1549 2132 1662 2164 deſſelben
1680 2133 1761 2160 wurde
1773 2133 1919 2164 verſchoben.
1936 2133 1975 2160 Der
1977 2133 2108 2165 engliſche
2118 2132 2264 2165 Botfchafter
2275 2133 2333 2162 Sir
2334 2134 2415 2171 Henry

1360 2230 1512 2264 Gegenſtand
1531 2231 1658 2264 bezügliche
1676 2231 1757 2259 Noten
1775 2230 1823 2259 Sr.
1836 2231 1957 2264 Excellenz
1976 2233 2170 2259 unbeantwortet
2189 2232 2315 2270 geblieben,
2334 2234 2376 2264 hat
2393 2241 2416 2260 er

1359 2271 1398 2291 am
1417 2264 1496 2293 letzten
1513 2263 1621 2296 Montag
1640 2263 1688 2295 ſein
1706 2264 1795 2296 Geſuch
1812 2267 1933 2296 erneuert;
1960 2264 1991 2292 da
2019 2265 2144 2292 abermals
2171 2264 2232 2292 keine
2249 2265 2354 2293 Antwort
2355 2267 2416 2293 er—

1359 2394 1482 2428 Tewfiks,
1525 2398 1569 2423 des
1610 2395 1835 2428 muſelmänniſchen
1882 2396 2021 2429 Prieſters,
2063 2397 2158 2428 welcher
2197 2397 2315 2429 angeblich
2361 2404 2413 2429 zum

1359 2428 1426 2456 Tode
1471 2428 1609 2460 verurtheilt
1654 2429 1751 2456 worden
1797 2435 1865 2460 war,
1918 2430 1974 2456 weil
2019 2437 2043 2456 er
2087 2430 2122 2457 bei
2168 2429 2210 2457 der
2254 2430 2414 2462 Ueberſetzung

1358 2463 1398 2488 der
1432 2460 1505 2489 Bibel
1539 2462 1581 2488 ins
1614 2461 1736 2493 Türkiſche
1770 2462 1892 2493 betheiligt
1926 2461 2049 2494 geweſen,
2094 2462 2143 2490 und
2177 2462 2213 2490 die
2247 2463 2414 2491 Amts-Eunt—

1359 2494 1451 2526 laſſung
1469 2494 1511 2521 des
1530 2494 1763 2526 Polizei-Direktors
1781 2500 1830 2522 von
1848 2494 1958 2527 Angora,
1977 2496 2017 2522 der
2035 2495 2128 2527 Ahmed
2140 2495 2248 2527 Tewfiks
2261 2496 2412 2528 Verhaftung

1360 2527 1476 2558 befohlen,
1493 2527 1543 2554 und
1560 2528 1603 2554 des
1629 2527 1935 2555 Militärkommandanten
1964 2533 2012 2555 von
2034 2528 2093 2555 Van,
2094 2529 2201 2559 welche
2219 2528 2292 2556 Beide
2310 2530 2360 2556 eine
2378 2531 2412 2556 be—

1358 2560 1486 2592 leidigende
1504 2560 1612 2593 Sprache
1639 2568 1711 2592 gegen
1738 2560 1852 2593 England
1870 2561 1919 2588 und
1945 2561 1969 2588 die
1971 2560 2119 2592 britiſchen
2136 2562 2351 2593 Konſularagenten
2353 2570 2413 2593 ge—

1357 2593 1423 2624 führt
1441 2593 1532 2625 hatten.
1573 2593 1656 2626 Layard
1657 2593 1793 2623 erklärte,
1818 2593 1875 2625 daß,
1893 2599 1962 2621 wenn
1980 2594 2017 2621 die
2035 2594 2084 2621 drei
2109 2593 2190 2626 Punkte
2193 2595 2282 2626 nicht
2300 2595 2413 2626 bewilligt

1357 2626 1448 2653 werden
1466 2625 1557 2657 ſollten,
1582 2633 1607 2652 er
1631 2626 1695 2654 Lord
1714 2626 1854 2658 Salisbury
1879 2633 1925 2653 um
1950 2626 2096 2658 Weiſungen
2120 2627 2180 2655 über
2197 2627 2241 2654 den
2260 2628 2411 2658 Gegeunſtand

1357 2723 1444 2755 Pforte
1453 2724 1573 2754 denſelben
1594 2724 1780 2756 benachrichtigt,
1798 2724 1857 2756 daß
1875 2725 1926 2752 der
1944 2724 2121 2756 Mifſſionar
2141 2725 2249 2753 Köller
2267 2726 2330 2753 kein
2350 2727 2411 2753 bri—

1358 2756 1474 2788 tiſcher,
1492 2756 1623 2789 ſondern
1641 2757 1690 2784 ein
1708 2756 1859 2789 deutſcher
1876 2757 2045 2788 Unterthan
2047 2758 2111 2789 ſei
2128 2759 2178 2785 und
2190 2759 2233 2786 des
2243 2759 2351 2787 Weitern
2367 2759 2412 2787 Be—

1357 2790 1423 2821 weiſe
1442 2789 1593 2822 beigebracht,
1611 2790 1659 2821 daß
1678 2790 1724 2818 das
1744 2791 1848 2821 Gerücht
1866 2795 1914 2817 vou
1931 2790 1972 2818 der
1987 2790 2177 2823 Verurtheilung
2195 2791 2287 2822 Ahmed
2305 2792 2410 2823 Tewſiks

1361 2829 1415 2855 zum
1433 2822 1502 2850 Tode
1528 2823 1604 2855 nicht
1625 2824 1691 2853 wahr
1698 2822 1778 2856 iſt;
1807 2822 1907 2855 derſelbe
1935 2823 1978 2854 ſoll
2005 2824 2050 2851 den
2078 2824 2243 2856 Erklärungen
2270 2826 2310 2852 der
2327 2824 2411 2856 Pforte

1359 2854 1446 2888 gemäß
1464 2856 1498 2882 im
1516 2856 1659 2888 Gegentheil
1677 2863 1724 2883 nur
1742 2856 1805 2883 einer
1816 2856 2043 2888 Vornnterſuchung
2060 2857 2222 2886 unterworfen
2240 2857 2331 2888 geweſen
2334 2858 2412 2888 ſein,

1357 2889 1438 2916 welche
1456 2889 1538 2919 ſoeben
1557 2889 1665 2921 beendigt
1676 2889 1782 2916 worden.
1805 2889 1934 2916 Ueberdies
1953 2890 1995 2920 hat
2013 2891 2049 2916 die
2059 2889 2146 2921 Pforte
2160 2890 2209 2917 Sir
2221 2890 2303 2923 Henry
2314 2892 2410 2923 Layard

1356 2921 1392 2948 die
1409 2920 1577 2954 Verſicherung
1603 2922 1704 2954 ertheilt,
1733 2922 1781 2952 daß
1807 2922 1900 2952 Ahmed
1918 2921 2010 2954 Tewfik
2027 2922 2072 2949 mit
2089 2922 2207 2954 Nachſicht
2233 2929 2279 2951 von
2306 2924 2349 2950 den
2372 2928 2411 2950 os—

1355 2953 1484 2985 maniſchen
1501 2954 1629 2985 Behörden
1658 2955 1782 2985 behandelt
1800 2955 1893 2982 werden
1909 2955 1979 2982 wird.
2023 2955 2070 2982 Man
2074 2957 2198 2987 glaubt,
2218 2956 2247 2983 daß
2251 2956 2411 2987 angeſichts

1354 2987 1393 3014 der
1411 2987 1501 3018 ſowohl
1519 2992 1567 3014 von
1584 2987 1625 3014 der
1642 2987 1731 3019 Pforte
1749 2988 1790 3015 als
1803 2987 1852 3015 Sir
1863 2987 1945 3020 Henry
1964 2988 2062 3020 Layard
2080 2989 2219 3019 bewieſenen
2238 2989 2409 3021 verſöhnlichen

1350 3790 1471 3826 Pforte
1489 3799 1528 3826 zu
1547 3791 1766 3826 unterſtützen.

1355 3019 1526 3052 Geſinnungen
1544 3020 1580 3047 die
1597 3020 1784 3052 Angelegenheit
1801 3021 1862 3047 keine
1880 3020 1971 3052 ernſten
1989 3021 2082 3052 Folgen
2101 3023 2178 3052 haben
2196 3024 2280 3049 werde.

1408 3052 1480 3083 Dies
1486 3052 1539 3083 die
1558 3053 1707 3090 Erklärung
1737 3057 1789 3083 aus
1818 3053 1953 3089 engliſcher
1972 3053 2087 3090 Quelle;
2119 3058 2163 3084 der
2194 3054 2411 3090 Hauptvorwurf,

1355 3089 1459 3126 welcher
1478 3090 1523 3120 der
1542 3089 1635 3126 Pforte
1656 3090 1769 3127 gemacht
1788 3090 1863 3126 wird,
1887 3090 1918 3125 iſt
1937 3090 1977 3120 die
1997 3090 2155 3127 Bummelei,
2186 3092 2222 3122 mit
2225 3091 2343 3128 welcher
2346 3092 2410 3127 ſie

1352 3345 1523 3383 Todesſtrafe
1554 3346 1704 3382 verurtheilt
1723 3348 1819 3377 worden
1820 3346 1893 3384 iſt;
1925 3347 1967 3377 bis
1987 3347 2040 3384 jetzt
2060 3348 2092 3383 ſei
2112 3348 2259 3384 überhaupt
2283 3350 2344 3384 noch
2366 3350 2411 3384 auf

1354 3383 1419 3413 keine
1439 3383 1537 3419 Strafe
1565 3391 1644 3421 gegen
1673 3383 1809 3420 denſelben
1838 3384 1942 3414 erkannt
1963 3387 2077 3415 worden.
2116 3385 2155 3416 Er
2181 3387 2256 3416 wurde
2258 3386 2412 3421 verhaftet

1361 3423 1438 3450 unter
1457 3422 1501 3451 der
1521 3420 1738 3457 Beſchuldigung,
1759 3420 1895 3457 Schriften
1916 3422 2052 3452 verbreitet
2069 3429 2101 3458 zu
2121 3421 2217 3458 haben,
2248 3423 2335 3454 welche
2355 3432 2412 3458 zum

1358 3456 1475 3494 Umſturz
1496 3458 1540 3488 der
1558 3458 1693 3493 religiöſen
1712 3457 1848 3494 Ordnung
1869 3458 1984 3494 geeignet
2004 3458 2069 3494 ſeien
2090 3460 2142 3489 und
2164 3460 2218 3489 eine
2238 3460 2412 3495 Beleidigung

1354 3536 1415 3561 vom
1434 3531 1543 3563 Sultan
1571 3531 1728 3567 enmpfangen
1758 3532 1869 3567 werden,
1898 3540 1944 3562 um
1974 3535 2028 3562 aus
2058 3532 2141 3567 deſſen
2153 3532 2274 3564 Munde
2304 3535 2342 3564 die
2364 3533 2412 3565 Er—

1352 3568 1473 3604 ledigung
1503 3568 1584 3602 ſeiner
1613 3568 1830 3599 Reklamationen
1860 3569 1888 3599 in
1917 3569 1961 3599 der
1990 3569 2190 3607 Bibel-Affaire
2219 3579 2250 3607 zu
2280 3571 2409 3607 erfahren.

1351 3604 1424 3635 Man
1445 3605 1538 3641 glaubt
1566 3613 1601 3635 um
1603 3606 1641 3641 ſo
1643 3606 1792 3641 gewiſſer
1811 3614 1847 3636 an
1879 3606 1934 3635 eine
1952 3606 2035 3642 raſche
2055 3608 2109 3636 und
2142 3607 2329 3642 befriedigende
2350 3609 2411 3639 Bei—

1349 3642 1443 3679 legung
1472 3643 1519 3672 des
1538 3642 1758 3679 Zwiſchenfalles,
1788 3643 1841 3672 als
1862 3642 1950 3679 auch,
1980 3644 2028 3673 wie
2053 3647 2107 3673 uns
2138 3644 2210 3680 ſchon
2240 3646 2280 3675 ein
2301 3645 2410 3680 Privat—

1350 3679 1489 3715 telegramm
1491 3680 1627 3715 meldete,
1647 3681 1700 3710 der
1720 3680 1856 3716 deutſche
1872 3680 2177 3716 Geſchäftsträger,
2199 3681 2288 3716 Graf
2304 3682 2411 3713 Rado—

1350 3716 1459 3752 linski,
1480 3716 1530 3746 die
1550 3716 1706 3758 Weiſung
1726 3722 1788 3746 von
1808 3717 1909 3754 ſeiner
1931 3717 2123 3754 Regierung
2143 3719 2290 3754 erhalten
2310 3720 2412 3755 haben

1349 3753 1403 3789 ſoll,
1432 3754 1472 3783 die
1496 3753 1713 3784 Reklamationen
1742 3754 1787 3783 des
1818 3754 1999 3790 engliſchen
2023 3754 2252 3790 Botſchaſters
2282 3756 2330 3786 bei
2358 3757 2410 3787 der

1408 1835 1457 1867 Im
1475 1841 1642 1870 vergangenen
1660 1836 1812 1868 September,
1843 1842 1887 1864 vor
1915 1837 1955 1864 der
1972 1836 2083 1869 Bildung
2112 1837 2137 1864 des
2140 1837 2272 1870 jetzigen
2290 1838 2417 1870 Kabinets,

1360 1868 1487 1901 verhaftete
1514 1868 1551 1897 die
1569 1868 1676 1901 Polizei
1702 1870 1770 1897 einen
1799 1869 1976 1901 Miſſionar
2005 1870 2145 1898 Namens
2163 1870 2254 1898 Köller
2260 1873 2360 1898 unter
2378 1872 2417 1899 der

1359 1902 1473 1935 Anklage,
1490 1901 1598 1935 religiöſe
1615 1902 1729 1929 Traktate
1747 1902 1857 1933 vertheilt
1883 1909 1912 1935 zu
1936 1903 2022 1934 haben.
2056 1902 2118 1931 Drei
2135 1902 2244 1931 Stunden
2245 1906 2327 1935 nach
2346 1904 2417 1934 ſeiner

1360 1934 1513 1973 Verhaftung
1542 1935 1623 1962 wurde
1650 1942 1661 1962 er
1663 1935 1856 1969 freigelaſſen,
1884 1935 1961 1963 wobei
1988 1935 2067 1969 jedoch
2077 1936 2131 1969 die
2150 1936 2245 1969 Polizei
2268 1944 2316 1970 zur
2334 1937 2413 1968 Recht—

1360 1967 1481 2000 fertigung
1497 1968 1564 1997 ihres
1582 1967 1735 2000 Verfahrens
1752 1968 1790 1995 ein
1807 1967 1833 1996 in
1850 1968 1971 2000 türkiſcher
1988 1967 2098 2001 Sprache
2115 1968 2247 2001 verfaßtes,
2265 1969 2291 1996 in
2309 1970 2412 1998 London

1360 2033 1464 2066 vorkam,
1481 2033 1551 2064 ſowie
1569 2033 1625 2066 zwei
1637 2033 1804 2065 Manuſkripte
1821 2033 1943 2066 ähnlichen
1955 2034 2065 2066 Inhalts
2078 2035 2224 2067 zurückhielt.
2258 2035 2306 2063 Am
2325 2036 2416 2067 folgen—

1359 2066 1403 2093 den
1431 2065 1501 2099 Tage
1529 2067 1611 2094 wurde
1640 2066 1679 2094 ein
1707 2066 1927 2099 muſelmänniſcher
1944 2067 2050 2100 Prieſter
2074 2066 2186 2095 Namens
2204 2067 2297 2100 Ahmed
2325 2067 2416 2100 Tewfik

1362 2165 1459 2198 Layard
1476 2165 1519 2197 hat
1536 2165 1649 2196 während
1676 2165 1717 2193 der
1742 2166 1820 2198 letzten
1846 2166 1896 2193 drei
1921 2166 2027 2194 Monate
2052 2167 2089 2193 die
2110 2166 2262 2199 Zurückgabe
2279 2167 2319 2195 der
2336 2171 2414 2199 Herrn

1359 2197 1442 2225 Köller
1458 2197 1587 2231 gehörigen
1605 2197 1711 2230 Papiere
1728 2203 1776 2226 von
1794 2198 1835 2226 der
1851 2198 1940 2231 Pforte
1958 2200 2077 2231 verlangt.
2111 2199 2229 2231 Nachdem
2248 2205 2293 2231 zwei
2296 2200 2359 2231 auf
2371 2201 2413 2228 den

1359 2296 1441 2335 folgte,
1459 2296 1507 2328 ließ
1526 2304 1550 2324 er
1567 2297 1608 2324 der
1625 2297 1752 2328 türkiſchen
1769 2297 1908 2330 Regierung
1934 2297 1985 2325 eine
2010 2298 2174 2330 Mittheilung
2193 2298 2305 2331 zugehen,
2334 2299 2412 2326 indem

1359 2337 1383 2357 er
1400 2330 1439 2361 ihr
1455 2329 1506 2357 drei
1522 2329 1592 2362 Tage
1608 2329 1664 2363 Zeit
1682 2330 1736 2361 ließ,
1754 2329 1918 2362 nachſtehende
1935 2330 2110 2363 Forderungen
2136 2337 2164 2363 zu
2182 2332 2325 2363 bewilligen,
2344 2331 2411 2359 näm—

1360 2362 1415 2394 lich:
1448 2362 1485 2390 die
1518 2362 1671 2396 Zurückgabe
1705 2363 1745 2390 der
1777 2363 1884 2395 Papiere
1920 2363 2027 2395 Köllers,
2063 2364 2100 2391 die
2133 2363 2285 2396 Freilaſſung
2321 2364 2412 2396 Ahmed

1357 2658 1461 2690 erſuchen
1478 2659 1527 2686 und
1546 2658 1689 2691 unterdeſſen
1702 2658 1738 2685 die
1756 2658 1948 2691 diplomatiſchen
1967 2659 2137 2691 Veziehungen
2155 2667 2184 2691 zu
2201 2661 2241 2687 der
2253 2660 2341 2691 Pforte
2359 2661 2410 2691 auf—

1358 2691 1430 2720 heben
1442 2692 1532 2719 würde.
1564 2691 1604 2723 In
1619 2692 1723 2719 Auntwort
1724 2691 1790 2723 auf
1806 2691 1842 2719 die
1860 2691 2015 2724 Vorſtellung
2029 2692 2077 2720 Sir
2085 2692 2167 2731 Henry
2185 2693 2298 2726 Layards
2318 2694 2348 2725 hat
2352 2694 2412 2720 die

1353 3126 1393 3156 die
1414 3127 1615 3163 Angelegenheit
1635 3127 1729 3156 betrieb
1749 3127 1803 3156 und
1824 3127 1863 3156 die
1886 3127 2148 3163 Rückſichtslecigkeit,
2169 3128 2259 3164 welche
2279 3128 2311 3164 ſie
2332 3136 2409 3164 gegen

1354 3164 1403 3193 den
1431 3162 1562 3199 britiſchen
1581 3162 1742 3205 Botſchafter
1761 3163 1846 3200 zeigte.
1886 3163 1978 3200 Gegen
2008 3164 2090 3199 dieſen
2110 3165 2227 3194 Vorwurf
2228 3164 2409 3201 vertheidigt

1352 3309 1480 3340 worden.“
1518 3309 1617 3346 Ferner
1637 3309 1670 3345 ſei
1689 3312 1719 3339 es
1748 3310 1879 3346 durchaus
1899 3309 2023 3346 unwahr,
2052 3311 2105 3347 daß
2127 3311 2228 3346 Ahmed
2251 3312 2349 3347 Tewfik
2367 3321 2411 3348 zur

1352 3272 1462 3302 leitete
1489 3272 1688 3309 gerichtliche
1712 3272 1954 3309 Unterſuchung
1984 3273 2026 3309 ſei
2056 3274 2172 3309 ſoeben
2201 3276 2258 3309 erſt
2278 3276 2412 3305 beendet

1351 3497 1397 3524 des
1416 3494 1515 3529 Islam
1544 3495 1691 3531 enthielten.
1728 3494 1781 3530 Im
1801 3495 1928 3532 Uebrigen
1958 3495 2005 3531 ſoll
2038 3496 2083 3526 der
2111 3496 2232 3533 engliſche
2253 3497 2412 3533 Botſchafter

1352 3235 1387 3265 im
1408 3235 1557 3271 Auslande,
1591 3235 1678 3266 indem
1709 3236 1743 3272 ſie
1771 3237 1834 3272 ſagt,
1867 3237 1921 3272 „die
1951 3246 1985 3272 ge—

1354 3200 1398 3234 ſich
1417 3199 1470 3236 jetzt
1489 3200 1531 3229 die
1548 3199 1642 3236 Pforte
1662 3203 1690 3229 in
1710 3200 1778 3230 einer
1798 3199 1938 3233 amtlichen
1955 3199 2129 3237 Mittheilung
2151 3209 2186 3231 an
2206 3202 2259 3237 ihre
2279 3202 2416 3233 Vertreter

1725 3853 2019 3901 Deutſchland.

1405 3917 1537 3952 Berlin,
1565 3921 1609 3949 31.
1629 3919 1783 3956 Dezember.
1835 3920 1950 3957 (Wolffs
1972 3920 2065 3956 Bür.).
2115 3920 2230 3957 Zufolge
2259 3920 2331 3957 heute
2356 3922 2408 3957 hier

1350 3955 1504 3992 getroffener
1523 3955 1726 3993 Vereinbarung
1753 3956 1819 3987 wird
1840 3958 1883 3987 der
1902 3958 2131 3993 Handelsvertrag
2151 3958 2267 3994 zwiſchen
2287 3958 2406 3994 Deutſch—

1351 3992 1414 4022 land
1434 3992 1488 4023 und
1507 3992 1787 4030 Oeſterreich-Ungarn
1807 3999 1869 4024 vom
1890 3998 1933 4025 16.
1944 3994 2088 4031 Dezember
2110 3997 2181 4024 1878
2201 3995 2271 4031 nebſt
2291 3996 2406 4031 Schluß—

1334 5370 1430 5409 Rieger
1448 5371 1515 5409 ſeine
1533 5372 1663 5409 drohende
1682 5371 1763 5406 Rede.

1350 4029 1473 4065 protokoll
1494 4029 1537 4059 bis
1556 4032 1601 4061 30.
1619 4030 1693 4065 Juni
1714 4033 1787 4061 1880
1805 4030 1834 4061 in
1853 4032 1932 4068 Kraft
1952 4032 2061 4066 bleiben,
2085 4031 2169 4068 jedoch
2191 4032 2238 4062 mit
2257 4032 2404 4068 Ausſchluß

1348 4177 1639 4215 Veredelungsverkehr,
1669 4178 1752 4215 deſſen
1777 4179 1927 4216 Fortdauer
1959 4179 2105 4216 beiderſeits
2137 4183 2265 4211 autonom
2298 4182 2404 4217 geregelt

1349 4214 1424 4245 wird.
1461 4214 1527 4245 Das
1547 4215 1699 4253 Zollkartell
1730 4216 1796 4246 wird
1823 4216 1947 4252 während
1979 4217 2024 4247 der
2054 4217 2234 4248 vereinbarten
2258 4218 2405 4253 Fortkdaurr

1348 4252 1395 4281 des
1415 4251 1560 4289 Vertrages
1592 4252 1710 4288 inſoweit
1740 4261 1786 4290 zur
1810 4253 1991 4290 Ausführung
2024 4253 2151 4289 gebracht,
2182 4254 2227 4284 als
2260 4256 2403 4290 beſtehende

1347 4288 1447 4325 Geſetze
1466 4290 1532 4324 nicht
1552 4289 1772 4326 entgegenſtehen.
1794 4306 1826 4311 —
1852 4290 1988 4326 Sicherem
2007 4291 2174 4326 Vernehmen
2194 4293 2255 4322 nach
2276 4293 2341 4323 wird
2362 4295 2404 4323 der

1346 4325 1636 4363 Veredelungsverkehr
1650 4327 1693 4358 bis
1714 4328 1757 4357 16.
1777 4327 1901 4365 Februar
1931 4328 1958 4358 in
1987 4328 2031 4358 der
2059 4328 2207 4365 bisherigen
2227 4329 2310 4365 Weiſe
2329 4333 2405 4361 unter

1348 4363 1528 4400 Bewilligung
1549 4364 1675 4400 zollfreier
1693 4364 1907 4400 Wiedereinfuhr
1926 4365 2040 4400 belaſſen
2060 4366 2172 4397 werden.

1401 4400 1417 4419 *
1437 4400 1509 4437 Nach
1518 4400 1597 4431 einer
1617 4401 1865 4439 Bekanntmachung
1885 4403 1932 4433 des
1953 4402 2169 4439 Reichskanzlers
2189 4401 2221 4440 iſt
2240 4402 2284 4433 der
2303 4403 2404 4440 Betrag

1344 4436 1389 4468 der
1407 4436 1451 4474 für
1471 4436 1511 4468 die
1530 4437 1898 4476 Naturalverpflegung
1918 4440 1974 4470 der
1994 4439 2126 4476 Truppen
2134 4447 2181 4476 zu
2183 4440 2401 4476 gewührenden

1959 4553 2007 4581 mit
2026 4550 2096 4582 Brot
2155 4550 2222 4586 ohne
2240 4551 2309 4582 Brot

1453 4595 1479 4618 a.
1498 4585 1542 4624 für
1561 4586 1600 4617 die
1619 4587 1688 4618 volle
1707 4587 1939 4624 Tageskoſt..
1979 4589 2015 4618 85
2035 4588 2114 4624 Pf..
2151 4610 2160 4619 .
2188 4590 2226 4618 70
2244 4588 2290 4624 pf.

1453 4624 1478 4653 b.
1522 4624 1940 4661 „„Mittagskoſt...
1977 4627 2166 4661 as..
2194 4627 2230 4655 38

1622 4661 1848 4698 Abendkoſt.
1622 4648 2292 4699 .
1886 4684 1940 4693 ..
1978 4665 2121 4699 26.
2159 4684 2167 4693 .
2195 4648 2292 4692 21*

1452 4670 1475 4692 C.
1576 4684 1588 4697 1

2260 4686 2272 4699 J.

1398 4735 1414 4753 *
1446 4699 1507 4771 S«4
1514 4697 1789 4772 ————
1824 4722 1893 4768 Hie
1913 4702 2085 4768 —S—
2098 4703 2228 4768 korvenlẽ
2253 4723 2311 4774 Fre
2319 4739 2401 4774 ya',

1343 4774 1362 4802 s
1381 4771 1535 4809 Geſchütze,
1553 4772 1754 4804 Kommandant
1772 4774 2044 4809 Korvetten⸗Kapitän
2064 4779 2089 4805 v.
2117 4774 2222 4810 Hippel,
2242 4760 2272 4810 iſt
2292 4783 2337 4805 am
2357 4778 2401 4807 29.

1340 4810 1366 4840 d.
1386 4808 1433 4840 M.
1454 4810 1482 4839 in
1489 4808 1676 4841 Montevideo
1696 4810 1874 4848 eingetroffen.
1894 4827 1931 4831 —
1950 4810 2003 4842 Die
2019 4811 2302 4843 Glattdecks⸗Korvette
2321 4813 2402 4848 „Me—

1339 4846 1438 4883 duſa“,
1459 4848 1476 4876 9
1496 4845 1634 4883 Geſchütze,
1655 4847 1856 4879 Kommandant
1874 4848 2148 4885 Korvetten⸗Kapitän
2167 4849 2327 4886 Mattheſen,
2348 4850 2400 4886 traf

1634 4977 1768 5022 Letzte
1794 4976 2105 5022 Nachrichten.

1688 5031 2036 5065 Oeſterreich⸗Ungarn.

1394 5074 1425 5105 7T.
1445 5073 1556 5110 Wien,
1586 5076 1632 5106 31.
1650 5073 1802 5111 Dezember.
1841 5074 2078 5113 (Privat⸗Telegr.
2101 5076 2148 5107 des
2169 5076 2293 5108 Berliner
2313 5076 2400 5114 Tage—

1334 5259 1411 5298 „Wir
1432 5260 1543 5292 werden
1571 5260 1629 5292 laut
1648 5261 1702 5292 und
1727 5261 1895 5297 verſtändlich
1915 5262 1952 5293 im
1972 5261 2134 5299 Parlament
2152 5264 2238 5300 reden,
2258 5264 2312 5294 und
2332 5264 2397 5295 wird

1349 4067 1394 4096 der
1414 4066 1631 4103 Beſtimmungen
1651 4068 1714 4098 über
1723 4067 1888 4105 Zollfreiheit
1907 4070 1951 4099 der
1971 4069 2119 4104 Rohleinen
2139 4070 2202 4099 über
2222 4069 2355 4105 Refaktien
2367 4070 2404 4101 bei

1350 4102 1595 4141 Eiſenbahntarifen
1604 4105 1659 4134 und
1670 4103 1742 4135 über
1744 4103 1965 4143 Beſchlagnahme
1976 4111 2027 4135 von
2041 4105 2405 4143 Eiſenbahn-Fahrbetriebs—

1349 4140 1458 4176 mitteln,
1487 4140 1564 4175 ſowie
1591 4140 1677 4178 ferner
1705 4141 1753 4172 mit
1772 4141 1921 4178 Ausſchluß
1950 4143 1994 4172 der
2014 4142 2231 4178 Beſtimmungen
2262 4143 2326 4174 über
2354 4147 2401 4175 den

1343 4474 1516 4507 Veraütung
1522 4475 1602 4513 für
1621 4476 1673 4506 das
1692 4476 1768 4512 Jahr
1788 4479 1860 4512 1880
1880 4476 1940 4512 dahin
1943 4476 2124 4513 feſtgeſtellt
2143 4477 2264 4512 worden,
2295 4478 2347 4513 daß
2368 4486 2402 4509 an

1343 4506 1500 4549 Verguͤtung
1520 4511 1564 4549 für
1583 4512 1678 4544 Mann
1697 4516 1751 4544 und
1771 4512 1815 4544 Tag
1818 4521 1864 4550 zu
1866 4513 2023 4550 gewähreu
2026 4513 2103 4550 iſt:

1339 4891 1384 4914 am
1404 4886 1449 4914 27.
1469 4883 1657 4916 Novemberc.
1676 4884 1704 4915 in
1724 4884 1794 4922 Port
1814 4885 1842 4923 of
1861 4885 1956 4923 Spain
1977 4882 2027 4922 ein;
2061 4886 2125 4924 ging
2149 4894 2193 4920 am
2214 4888 2240 4917 6.
2258 4886 2401 4924 Dezember

1340 4921 1369 4951 in
1388 4920 1446 4952 See
1465 4921 1520 4952 und
1540 4921 1639 4952 ankerte
1660 4929 1704 4952 am
1724 4925 1768 4952 11.
1788 4921 1916 4958 deſſelben
1935 4922 2056 4955 Monats
2076 4923 2104 4953 in
2117 4922 2296 4956 Barbadoes.

1338 5110 1446 5148 blatts.)
1486 5112 1548 5142 Aus
1568 5111 1636 5149 Prag
1642 5112 1744 5149 wird
1764 5113 1901 5149 gemeldet:
1932 5112 1985 5148 Im
2010 5111 2181 5151 Czechenklub
2201 5114 2263 5150 hielt
2282 5114 2400 5153 Rieger

1337 5148 1393 5180 eine
1414 5147 1486 5180 Rede
1515 5149 1580 5180 über
1608 5149 1648 5180 die
1678 5149 2012 5189 Univerſitätsfrage,
2045 5152 2090 5182 der
2107 5151 2210 5189 zufolge
2230 5152 2268 5182 die
2289 5151 2398 5189 Czechen

1336 5190 1389 5216 von
1418 5185 1463 5216 der
1491 5185 1643 5223 Regierung
1671 5186 1711 5218 die
1740 5186 1928 5225 Einbringung
1958 5187 2028 5219 einer
2055 5187 2313 5226 Kreditvorlage
2343 5197 2399 5226 zur

1335 5222 1597 5261 Durchführung
1630 5222 1692 5254 der
1730 5222 2067 5263 Gleichberechtigung
2105 5225 2249 5263 verlangen
2286 5227 2397 5258 werden.

1627 5217 1642 5222 ü

1339 5300 1370 5327 es
1389 5297 1456 5333 nicht
1474 5297 1583 5335 möglich
1604 5297 1664 5334 ſein,
1693 5298 1729 5329 im
1750 5298 1841 5330 Guten
1870 5299 1910 5329 die
1930 5297 2077 5337 Erfüllung
2096 5299 2201 5336 unſerer
2220 5299 2346 5337 Wünſche
2365 5309 2396 5337 zu

1335 5333 1468 5371 erlangen,
1489 5334 1532 5370 ſo
1535 5335 1637 5365 werden
1656 5335 1706 5366 wir
1725 5337 1787 5373 auch
1807 5336 1906 5367 anders
1932 5333 2095 5374 aufzutreten
2115 5337 2228 5375 wiſſen,“
2256 5338 2282 5375 ſo
2312 5337 2395 5375 ſchloß

2441 2745 2625 2776 Unterbleiben
2646 2747 2690 2777 der
2710 2748 2944 2784 vorgeſchriebenen
2965 2749 3206 2786 Veröffentlichung
3225 2758 3257 2786 zu
3277 2751 3407 2786 geſtatten.

2502 708 2532 738 D
2553 706 2663 744 Wien,
2682 709 2728 739 31.
2747 707 2900 746 Dezember.
2950 707 3273 746 (Privat⸗Telegramm
3303 709 3351 740 des
3384 709 3508 743 Berliner

2448 816 2577 854 brechens,
2599 817 2675 855 ſowie
2694 818 2735 849 die
2753 818 2855 857 Freude
2884 819 2949 851 über
2970 819 3008 851 die
3027 819 3196 858 Vereitelung
3214 820 3246 857 iſt
3265 820 3412 858 allgemein.
3450 821 3508 856 Der

2447 1001 2680 1039 öſterreichiſchen
2698 1002 2790 1040 Kaiſer
2828 1000 3006 1042 telegraphiſch
3041 1005 3158 1050 herzlich
3204 1006 3339 1050 gratulirt.
3375 1022 3413 1029 —
3449 1006 3508 1039 Der

2446 1038 2678 1078 auſtro⸗deutſche
2715 1041 3000 1079 proviſoriſche
3036 1042 3507 1080 NMeiſtbegunſtigungs-Ver—

2446 1077 2519 1113 trag
2575 1075 2611 1112 iſt
2635 1075 2757 1113 heute
2813 1078 3048 1114 unterzeichnet
3103 1081 3242 1113 worden.

3298 1096 3336 1101 —
3391 1080 3505 1118 Zufolge

2445 1224 2605 1262 demzufolge
2624 1225 2666 1256 ein
2686 1225 2810 1257 weiteres
2823 1226 2969 1258 Abwarten
2986 1228 3114 1265 zugeſagt.
3153 1229 3196 1261 Es
3209 1229 3265 1261 wird
3265 1230 3343 1261 eine
3344 1229 3501 1266 friedliche

2446 1261 2565 1299 Regelung
2568 1262 2705 1299 erhofft.

2447 1558 2545 1595 nächſte
2564 1558 2711 1596 Konferenz
2731 1560 2760 1590 der
2762 1561 3071 1599 griechiſch-türkiſchen
3094 1563 3269 1599 Kommiſſion
3296 1563 3424 1599 beſtimmt
3443 1569 3506 1595 wer—

2447 1596 2503 1631 den,
2524 1596 2645 1631 nachdem
2666 1597 2741 1634 durch
2761 1597 2802 1628 ein
2821 1598 2909 1633 Irade
2929 1599 2976 1629 des
2998 1600 3123 1631 Sultans
3143 1600 3183 1631 die
3204 1606 3247 1631 von
3248 1600 3404 1637 tärkiſcher
3423 1601 3500 1634 Seite

2446 1632 2653 1670 vorgeſchlagene
2673 1641 2738 1664 neue
2757 1634 2909 1671 Grenzlinie
2929 1637 3076 1672 genehmigt
3096 1638 3181 1668 worden
3183 1637 3261 1672 iſt.

2446 1743 2542 1774 Berlin
2562 1744 2657 1780 ſeitens
2678 1746 2722 1775 der
2742 1745 2990 1784 Bevollmächtigten
3010 1748 3055 1779 der
3074 1747 3430 1785 öſterreichiſch-ungariſchen
3449 1750 3503 1781 und

2446 1781 2490 1811 der
2518 1781 2649 1817 deutſchen
2670 1782 2820 1820 Regierung
2849 1784 2904 1814 eine
2924 1784 3071 1822 Erklärung
3101 1786 3283 1823 unterzeichnet
3308 1787 3418 1823 werden,
3451 1792 3504 1817 wo—

2448 2002 2491 2033 bis
2522 2012 2582 2041 zum
2601 2006 2647 2035 30.
2666 2004 2739 2040 Juni
2760 2008 2833 2036 1880
2860 2008 3008 2043 verlängert
3036 2008 3111 2039 wird.
3130 2024 3167 2029 —
3186 2008 3252 2040 Das
3279 2018 3366 2045 morgen
3368 2009 3504 2045 erſchei—

2444 2039 2531 2070 nende
2564 2040 2801 2079 Reichsgeſetzblatt
2840 2043 2905 2074 wird
2957 2044 2997 2075 die
3035 2044 3212 2082 Verordnung
3263 2046 3311 2076 des
3341 2045 3504 2082 Geſammt—

2444 2076 2632 2113 miniſteriums
2671 2079 2812 2116 betreffend
2852 2080 2901 2110 den
2930 2081 3215 2119 Veredelungsverkehr
3254 2083 3407 2120 publiziren.
3445 2083 3502 2120 Für

2447 2114 2486 2144 die
2523 2114 2677 2153 Veredlung
2719 2117 2755 2147 im
2792 2116 2916 2152 Inlande
2958 2118 3059 2149 bleiben
3083 2118 3134 2149 die
3163 2119 3311 2155 bisherigen
3344 2122 3502 2152 autonomen

2445 2151 2659 2189 Beſtimmungen
2683 2152 2807 2190 beſtehen.
2846 2155 2903 2191 Für
2923 2154 3042 2192 Gewebe,
3063 2156 3152 2192 welche
3171 2162 3232 2187 vom
3253 2159 3296 2188 15.
3316 2157 3422 2194 Februar
3425 2157 3499 2188 bis

2443 2190 2489 2219 30.
2508 2188 2582 2223 Juni
2612 2192 2685 2220 1880
2716 2199 2775 2227 zum
2807 2191 2952 2222 Bedrucken
2983 2193 3037 2222 und
3058 2193 3164 2230 Färben
3196 2194 3258 2231 nach
3290 2194 3339 2225 dem
3340 2194 3497 2231 deutſchen

2442 2224 2601 2262 Zollgebiete
2622 2227 2780 2264 ausgeführt
2800 2230 2910 2265 werden,
2939 2229 2971 2265 iſt
2991 2230 3057 2260 beim
3066 2229 3280 2261 Wiedereintritt
3305 2231 3346 2261 ein
3365 2232 3429 2268 Boll
3449 2239 3503 2262 von

2448 2263 2564 2299 vierzehn
2585 2263 2695 2295 Gulden
2715 2265 2743 2295 in
2763 2265 2837 2296 Gold
2857 2274 2878 2303 zu
2880 2267 3029 2304 erheben;
3053 2267 3080 2297 in
3101 2268 3148 2297 den
3169 2268 3277 2304 übrigen
3298 2268 3418 2304 Puunkten
3438 2269 3502 2299 wird

2447 2300 2486 2329 die
2507 2300 2619 2337 zollfreie
2639 2301 2821 2338 Behandlung
2846 2304 2894 2333 des
2915 2303 3217 2340 Veredelungsverkehrs
3248 2305 3359 2340 aufrecht
3379 2306 3502 2340 erhalten.

2445 2336 2517 2372 Nach
2550 2338 2579 2368 den
2582 2338 2776 2369 detaillirten
2796 2339 3227 2378 Durchführungsbeſtimmungen
3260 2343 3306 2378 ſoll
3333 2343 3377 2373 der
3397 2342 3502 2374 Betrieb

2445 2375 2491 2404 des
2512 2374 2800 2412 Veredlungsverkehrs
2821 2383 2873 2407 von
2893 2377 3159 2414 Erlaubnißſcheinen
3180 2379 3312 2415 abhängig
3333 2380 3392 2415 ſein,
3414 2379 3502 2416 welche

2449 2418 2501 2442 nur
2533 2412 2582 2442 den
2601 2412 2779 2449 Fabrikanten
2812 2414 2855 2450 für
2893 2414 2947 2449 ihre
2980 2415 3064 2452 eigene
3089 2416 3227 2452 Fabrikate
3260 2417 3360 2451 ertheilt
3392 2418 3500 2452 werden,

2442 2560 2556 2590 worden.
2594 2560 2684 2598 Durch
2705 2562 2758 2592 eine
2779 2563 2878 2593 weitere
2898 2563 3075 2600 Verordnung
3096 2564 3163 2594 wird
3183 2564 3222 2594 die
3243 2564 3500 2600 Generaliunſpektion

2441 2598 2484 2626 der
2505 2597 2690 2634 Eiſenbahnen
2721 2600 2876 2636 ermächtigt,
2905 2601 2934 2630 in
2964 2600 3012 2630 den
3046 2601 3150 2636 Fällen,
3180 2601 3208 2631 in
3233 2602 3343 2636 welchen
3363 2602 3417 2632 eine
3437 2602 3501 2633 Ver—

2442 2708 2585 2744 ländiſchen
2614 2710 2779 2747 Konkurrenz
2812 2711 3028 2748 benachtheiligen
3061 2713 3159 2748 würde,
3193 2713 3420 2749 ausnahmsweiſe
3449 2713 3500 2744 das

2447 741 2633 781 Tageblatts.)
2680 744 2746 776 Das
2766 745 2886 777 Attentat
2905 753 2985 783 gegen
3017 745 3070 776 das
3102 745 3261 783 ſpaniſche
3292 746 3419 783 Königs
3430 753 3510 783 paar

2449 779 2495 815 hat
2497 779 2570 816 hier
2589 779 2725 815 beſondere
2745 781 2920 819 Theilnahme
2939 782 3047 814 erweckt.
3082 781 3136 815 Die
3156 783 3357 820 Verdammung
3376 783 3424 816 des
3443 784 3509 817 Ver—⸗

2445 853 2537 890 Kaiſer
2557 853 2612 885 und
2632 855 2672 886 die
2692 856 2818 893 geſammte
2818 856 2988 894 kaiſerliche
3008 856 3124 894 Familie
3155 857 3316 894 gratulirten
3331 858 3431 894 einzeln
3450 859 3508 891 tele—⸗

2446 891 2582 930 graphiſch
2595 891 2646 930 auf
2664 892 2717 923 das
2736 892 2895 931 Herzlichſte
2913 893 2972 925 dem
3002 896 3135 925 erretteten
3154 894 3337 932 Königspaar.
3373 894 3437 932 Hier
3456 904 3506 927 em—

2446 927 2547 966 pfängt
2568 928 2616 959 die
2638 927 2771 967 Hofburg
2775 930 2946 969 zahlreiche
2978 930 3200 963 Gratulationen.
3256 931 3315 964 Der
3370 931 3507 970 deuttſche

2444 964 2558 1002 Kaiſer
2595 965 2642 1002 hat
2659 965 2743 1004 heute
2755 965 2870 1004 ſowohl
2902 968 2960 999 dem
2989 968 3134 1005 ſpaniſchen
3163 969 3251 1006 König
3281 969 3326 1000 als
3357 969 3420 1006 auch
3450 965 3507 1002 bem

2446 1112 2621 1150 Andringens
2640 1113 2685 1145 der
2705 1114 2798 1151 Mächte
2799 1116 2929 1151 richtete
2949 1115 2988 1147 die
3008 1116 3102 1153 Pforte
3121 1118 3177 1148 eine
3197 1125 3262 1149 neue
3281 1118 3418 1154 energiſche
3438 1119 3507 1154 Pro—

2446 1150 2591 1181 klamation
2611 1158 2646 1181 an
2666 1151 2706 1182 die
2726 1151 2882 1189 Albaneſen,
2917 1152 2992 1188 ſowie
3012 1161 3075 1184 neue
3095 1154 3255 1192 Weiſungen
3275 1163 3311 1186 an
3330 1154 3507 1192 Moukhtar

2447 1186 2550 1224 Paſcha
2582 1188 2690 1225 betreffs
2709 1188 2814 1227 Löſung
2843 1190 2887 1221 der
2913 1189 3163 1228 Guſinjefrage.
3201 1191 3282 1228 Fürſt
3301 1192 3432 1224 Nikolaus
3462 1193 3507 1228 hat

2500 1298 2609 1336 Wien,
2641 1301 2687 1331 31.
2715 1299 2869 1337 Dezember.
2918 1301 3034 1339 (Wolffs
3055 1302 3138 1340 Bür.)
3187 1302 3321 1340 Meldung
3340 1304 3385 1335 der
3404 1303 3505 1340 ‚Polit.

2445 1334 2580 1372 Korrefp.“
2610 1339 2664 1367 aus
2693 1336 2930 1374 Konſtantinopel:
2965 1337 3019 1371 Die
3050 1339 3167 1377 Audienz
3196 1340 3243 1370 des
3273 1341 3413 1384 engliſchen
3438 1341 3505 1373 Bot—⸗

2446 1372 2567 1411 ſchafters
2586 1372 2694 1411 Layard
2724 1374 2764 1405 bei
2785 1375 2843 1406 dem
2863 1375 2972 1407 Sultan
3000 1376 3031 1413 iſt
3056 1382 3145 1414 wegen
3164 1377 3350 1414 Unwohlſeins
3371 1378 3418 1409 des
3439 1378 3505 1410 Bot—

2446 1409 2568 1447 ſchafters
2588 1409 2637 1446 auf
2656 1410 2729 1447 heute
2751 1412 2900 1449 verſchoben
2920 1414 3034 1444 worden.
3074 1413 3186 1451 Geſtern
3201 1415 3294 1445 Abend
3315 1416 3385 1451 hatte
3399 1415 3506 1451 Layarb

2446 1447 2500 1477 eine
2521 1447 2598 1484 lange
2611 1448 2791 1484 Unterredung
2811 1449 2858 1480 mit
2872 1450 2964 1482 Sawas
2966 1451 3105 1488 Paſcha,
3125 1452 3188 1488 nach
3211 1452 3300 1487 welcher
3301 1451 3383 1484 eine
3403 1453 3506 1488 ſchnelle

2447 1483 2623 1522 Begleichung
2642 1485 2689 1515 des
2709 1483 2840 1521 Konflikts
2859 1486 2935 1518 kaum
2954 1496 2985 1525 zu
3006 1487 3153 1525 bezweifeln
3173 1489 3212 1525 iſt.
3252 1489 3362 1520 Sobald
3382 1489 3421 1520 die
3430 1488 3504 1521 Bei—

2446 1522 2543 1557 legung
2571 1521 2619 1552 des
2647 1521 2846 1560 Zwiſchenfalls
2876 1524 2972 1561 erfolgt
2990 1525 3044 1560 ſein
3074 1524 3148 1562 wird,
3178 1526 3226 1561 ſoll
3257 1527 3301 1557 der
3321 1526 3365 1558 Tag
3367 1527 3432 1562 für
3434 1527 3506 1558 die

2501 1669 2620 1705 Wien,
2648 1673 2694 1702 31.
2718 1671 2871 1709 Dezember.
2913 1673 3029 1710 (Wolffs
3049 1674 3131 1711 Bür.)
3179 1674 3233 1706 Die
3260 1674 3411 1712 „Politiſche
3439 1675 3505 1707 Kor—

2446 1706 2615 1750 reſpondenz“
2635 1709 2742 1739 meldet:
2767 1708 2883 1746 Zufolge
2904 1711 3091 1747 authentiſchen
3111 1710 3278 1747 Nachrichten
3298 1712 3363 1743 wird
3385 1712 3457 1748 heute
3477 1712 3505 1744 in

2445 1817 2520 1853 durch
2540 1818 2585 1848 der
2604 1817 2998 1860 Meiſtbegünſtigungsvertrag
3023 1823 3071 1853 mit
3090 1822 3266 1860 Deutſchland
3286 1839 3321 1844 —
3340 1826 3417 1855 unter
3435 1823 3502 1860 Hin—

2446 1855 2607 1892 weglaſſung
2640 1856 2684 1887 der
2717 1856 2932 1895 Beſtimmungen
2964 1859 3027 1889 über
3058 1860 3110 1889 das
3142 1860 3411 1896 Appreturverfahren
3449 1861 3504 1892 und

2445 1891 2494 1922 die
2515 1891 2846 1930 Rohleinen-Ausfuhr,
2884 1896 2923 1926 die
2961 1896 3132 1932 Publikation
3170 1896 3214 1928 der
3252 1898 3410 1935 Refactien,
3449 1898 3501 1929 das

2445 1929 2544 1960 Verbot
2591 1930 2636 1960 der
2673 1931 2894 1969 Beſchlagnahme
2942 1933 2987 1963 der
3024 1933 3301 1969 Fahrbetriebsmittel
3344 1935 3398 1966 und
3442 1936 3503 1966 end—

2445 1966 2489 2003 lich
2520 1968 2597 1997 unter
2638 1967 2757 2005 gewiſſen
2789 1969 2967 2004 Vorbehalten
2997 1969 3147 2007 hinſichtlich
3186 1971 3233 2002 des
3265 1971 3434 2008 Zollkartells
3466 1988 3502 1993 —

2443 2448 2482 2478 die
2502 2448 2606 2486 Friſten
2626 2449 2671 2486 für
2690 2450 2729 2480 die
2743 2451 2952 2488 Wiedereinfuhr
2966 2452 3020 2488 ſind
3041 2453 3077 2482 im
3098 2453 3276 2489 Allgemeinen
3296 2454 3344 2489 auf
3356 2457 3373 2484 3
3388 2454 3502 2485 Monate

2443 2485 2582 2522 beſchränkt
2603 2489 2717 2523 worden,
2738 2487 2796 2524 doch
2817 2489 2883 2518 kann
2904 2489 2958 2519 eine
2987 2489 3189 2526 Verlängerung
3219 2491 3262 2521 bis
3282 2491 3331 2527 auf
3350 2490 3417 2527 ſechs
3437 2491 3500 2521 Mo—

2442 2525 2501 2552 nate
2521 2524 2622 2559 ertheilt
2642 2526 2752 2555 werden.
2792 2525 2845 2556 Die
2866 2526 3131 2564 Kontrolmaßregeln
3157 2527 3212 2562 ſind
3232 2527 3359 2564 mehrfach
3380 2528 3502 2564 geändert

2442 2633 2626 2672 öffentlichung
2646 2636 2859 2672 einzuführender
2888 2637 3176 2674 Tarifermäßigungen
3205 2639 3252 2669 oder
3254 2639 3340 2669 einer
3342 2638 3501 2676 ſonſtigen

2442 2670 2643 2708 Begünſtigung
2662 2673 2702 2703 die
2722 2674 2894 2710 inländiſchen
2924 2675 3183 2711 Verkehrsanſtalten
3211 2676 3355 2712 gegenüber
3374 2676 3418 2706 der
3437 2680 3501 2707 aus—

2879 2801 3066 2833 Frankreich.

2430 4762 2535 4799 Kreiſen
2559 4763 2642 4799 nichts
2663 4764 2779 4795 bekannt.

2440 2916 2511 2946 derer
2531 2915 2663 2946 Vertreter
2684 2916 2852 2952 Frankreichs
2873 2917 2909 2946 im
2930 2918 3071 2947 Auslande
3092 2918 3157 2952 ſeine
3177 2919 3371 2955 Demiſſion
3392 2920 3501 2956 gegeben

2443 2951 2523 2989 habe;
2543 2953 2658 2988 dagegen
2688 2954 2835 2988 behaupten
2863 2953 2902 2983 die
2931 2954 3042 2990 Organe
3073 2955 3117 2984 der
3137 2956 3274 2990 Reaktion,
3303 2957 3349 2987 wie
3380 2956 3497 2990 „Ordre“

2442 2989 2494 3018 und
2517 2988 2676 3026 „Eſtafette“
2710 2989 2775 3026 aufs
2795 2990 2992 3027 Beſtimmteſte,
3022 2991 3075 3027 daß
3096 2992 3243 3023 Gabriac
3264 2993 3330 3023 beim
3349 2994 3501 3030 päpſtlichen

2441 3026 2536 3062 Stuhl,
2567 3025 2658 3063 Tibij
2688 3027 2716 3056 in
2745 3028 2930 3064 Kopenhagen,
2961 3028 3123 3066 Fournier
3152 3030 3179 3059 in
3209 3030 3427 3066 Konſtantinopel
3447 3031 3500 3062 und

2441 3100 2527 3131 Saint
2559 3100 2680 3131 Valliers
2715 3101 2775 3137 höre
2798 3100 2842 3137 ich
2875 3106 2928 3131 aus
2961 3102 3041 3135 beſter
3058 3101 3189 3138 Quelle,
3222 3104 3277 3139 daß
3308 3104 3419 3140 derſelbe
3451 3105 3500 3141 auf

2441 3137 2689 3172 Waddingtons
2722 3139 2794 3173 heute
2827 3146 2852 3168 an
2853 3139 2920 3173 ihn
2921 3139 3104 3177 gerichtetes
3134 3141 3279 3177 Schreiben
3299 3149 3345 3177 zur
3366 3141 3497 3178 Zurück—

2442 3174 2535 3209 nahme
2543 3174 2666 3210 ſeiner
2686 3174 2835 3210 Demiſſion
2867 3175 3007 3210 veranlaßt
3041 3177 3142 3207 werden
3163 3178 3258 3211 dürfte.
3298 3178 3386 3209 Saint
3396 3179 3500 3210 Vallier

2442 3285 2484 3320 hat
2505 3285 2635 3320 nunmehr
2654 3287 2693 3315 den
2694 3286 2875 3321 Botſchafter
2895 3286 3010 3322 förmlich
3032 3288 3113 3322 ſeines
3134 3288 3242 3319 Wortes
3263 3289 3419 3321 entbunden.
3442 3290 3500 3321 Der

2441 3322 2628 3357 diplomatiſche
2649 3322 2774 3359 Eisgang
2782 3323 2840 3360 hat
2860 3323 2985 3360 übrigens
3006 3324 3153 3361 begonnen:
3172 3326 3240 3362 Herr
3260 3332 3283 3356 v.
3295 3326 3498 3362 Pontecoulant,

2443 3360 2488 3388 als
2508 3359 2748 3390 Kabinetsdirektor
2778 3359 2821 3396 ſeit
2841 3360 2965 3397 fünfzehn
2983 3361 3090 3398 Jahren
3119 3370 3155 3392 an
3184 3364 3227 3393 der
3247 3363 3336 3399 Spitze
3366 3364 3413 3394 des
3434 3368 3497 3395 aus—

2443 3396 2570 3432 wärtigen
2591 3396 2694 3432 Amtes,
2715 3396 2745 3433 iſt
2765 3397 2969 3433 ausgeſchieden.
2988 3415 3025 3419 —
3058 3398 3101 3429 Der
3104 3400 3275 3436 deutſche
3295 3401 3500 3436 Botſchafter

2445 3439 2501 3463 war
2531 3434 2560 3463 der
2563 3433 2657 3469 erſte
2677 3433 2773 3470 fremde
2793 3434 2932 3470 Vertreter,
2972 3436 3075 3471 welcher
3095 3437 3231 3474 Freycinet
3262 3437 3498 3474 beglückwünſchte:

2444 3469 2523 3506 Fürſt
2541 3469 2694 3512 Hohenlohe
2714 3470 2785 3506 nebſt
2805 3470 2950 3508 Gemahlin
2976 3473 3098 3508 ſchrieben
3103 3472 3163 3509 ſich
3184 3474 3280 3505 bereits
3304 3483 3348 3505 am
3369 3475 3498 3512 Sonntag

2447 3507 2537 3537 Abend
2559 3508 2597 3537 bei
2618 3507 2754 3544 Freycinet
2775 3508 2825 3539 ein.
2843 3525 2880 3529 —
2918 3509 3099 3546 Waddington
3132 3510 3178 3547 ſoll
3199 3511 3273 3547 heute
3301 3512 3348 3542 dem
3350 3513 3499 3549 früheren

2442 3544 2603 3581 Botſchafter
2634 3545 2662 3574 in
2695 3545 2738 3575 der
2758 3544 2877 3582 Schweiz
2898 3546 3048 3577 Bernard
3074 3547 3265 3583 d'Harcourt
3270 3548 3376 3583 ſeine
3396 3550 3499 3581 Sekun—

2443 3582 2539 3611 danten
2560 3581 2699 3618 geſchickt
2696 3582 2773 3616 haben
2803 3588 2890 3619 wegen
2910 3584 2957 3613 des
2987 3589 3019 3614 von
3022 3584 3185 3620 letzterem
3214 3585 3262 3615 mit
3281 3587 3375 3617 vollem
3394 3587 3498 3618 Namen

2444 3618 2496 3648 und
2522 3618 2595 3649 Titel
2634 3619 2849 3656 unterzeichneten
2874 3620 2987 3651 Artikels
3027 3629 3062 3651 an
3100 3623 3143 3652 der
3172 3622 3261 3659 Spitze
3299 3623 3346 3653 des
3376 3624 3498 3660 geſtrigen

2445 3655 2554 3692 Figaro.
2593 3655 2718 3692 Derſelbe
2747 3656 2841 3686 bi“e
2860 3659 2927 3687 ine
2956 3658 3169 3695 unbarmherzige
3200 3659 3282 3690 Kritik
3300 3659 3498 3697 Waddingtons

2445 3695 2497 3722 und
2517 3692 2602 3729 ſchloß
2623 3693 2670 3723 mit
2690 3693 2816 3730 geradezu
2836 3694 3053 3731 beſchimpfenden
3072 3695 3243 3732 Vorwürfen.
3262 3712 3299 3717 —
3328 3698 3410 3732 Heute
3430 3699 3497 3729 Vor—

2442 3729 2533 3766 mittag
2553 3730 2618 3766 fand
2638 3730 2680 3760 ein
2700 3731 2833 3767 zweites
2854 3731 2958 3762 Duell
2977 3733 3095 3769 zwiſchen
3116 3732 3225 3769 Mayher,
3245 3733 3303 3764 dem
3316 3734 3436 3766 Direktor
3455 3736 3498 3766 der

2443 3767 2647 3800 „Lanterne“
2668 3769 2723 3797 und
2745 3767 2869 3804 Alphons
2888 3769 3017 3805 Humbert
3036 3775 3096 3800 vom
3127 3770 3208 3806 „Mot
3216 3770 3388 3803 d'Ordre“
3393 3772 3497 3808 ſtatt;

2440 3804 2554 3840 Erſterer
2573 3804 2662 3834 wurde
2681 3812 2718 3835 an
2737 3804 2781 3835 der
2800 3805 2880 3842 Hüfte
2901 3806 2978 3844 leicht,
3008 3806 3085 3844 dieſer
3116 3815 3152 3838 an
3184 3807 3230 3838 der
3249 3808 3375 3844 Schulter
3409 3810 3498 3846 ſchwer

2441 3841 2598 3871 verwundet.

2492 3885 2612 3922 Paris,
2644 3889 2689 3918 31.
2713 3887 2865 3924 Dezember.
2914 3888 3029 3925 (Wolffs
3062 3889 3145 3926 Bür.)
3197 3889 3257 3921 Wie
3290 3890 3334 3920 der
3365 3890 3498 3926 „Temps“

2438 3923 2539 3959 meldet,
2560 3925 2607 3959 hat
2625 3924 2670 3954 der
2690 3924 2944 3960 Miniſterpräſident
2965 3926 3102 3963 Freycinet
3132 3934 3169 3957 an
3189 3927 3228 3957 die
3248 3927 3380 3958 Vertreter
3400 3928 3497 3964 Frank—

2438 3960 2519 3996 reichs
2539 3961 2575 3991 im
2597 3961 2739 3991 Auslande
2759 3963 2814 3992 eine
2834 3962 2959 3998 Depeſche
2990 3964 3114 4000 gerichtet,
3146 3964 3174 3994 in
3203 3965 3307 4000 welcher
3327 3973 3339 3994 er
3341 3964 3497 4000 dieſelben

2436 3998 2523 4028 davon
2543 3997 2572 4028 in
2593 3998 2729 4035 Kenntniß
2752 3999 2816 4035 ſetzt,
2847 4000 2899 4034 daß
2920 4009 2946 4030 er
2967 4000 3018 4030 das
3038 4000 3210 4038 Portefenille
3240 4002 3287 4032 des
3307 4001 3497 4039 Answärtigen

2435 4034 2623 4065 übernommen
2644 4036 2718 4071 habe,
2739 4044 2775 4066 und
2778 4036 2845 4071 ſie
2866 4037 2948 4072 ſeines
2969 4037 3119 4075 Wunſches,
3156 4038 3196 4069 die
3216 4040 3296 4075 guten
3315 4038 3497 4075 Beziehungen

2433 4080 2463 4108 zu
2485 4072 2535 4102 den
2557 4072 2682 4109 Mächten
2702 4081 2724 4110 zu
2725 4074 2877 4110 erhalten,
2898 4074 3035 4110 verſichert.

2887 4117 3038 4151 England.

2488 4159 2519 4189 Z.
2539 4158 2689 4194 London,
2719 4162 2764 4190 31.
2783 4158 2937 4195 Dezember.
2976 4161 3281 4197 (Privat⸗Telegramm
3307 4162 3353 4193 des
3374 4163 3496 4194 Berliner

2432 4270 2616 4307 inſpektors
2635 4278 2695 4306 zum
2714 4273 2901 4307 permanenten
2914 4271 3010 4307 Dienſt
3028 4281 3073 4303 um
3093 4273 3131 4303 die
3153 4244 3254 4310 Perſon
3275 4274 3318 4304 der
3337 4274 3496 4311 Königin.

2433 4307 2534 4342 Bisher
2554 4307 2672 4344 brauchte
2701 4315 2764 4338 man
2786 4316 2838 4338 nur
2866 4309 2905 4339 die
2925 4308 3067 4345 Leibgarde
3097 4310 3142 4340 als
3163 4309 3334 4342 Dekoration.
3372 4311 3498 4347 Miniſter

2431 4424 2522 4456 wogen
2542 4419 2628 4456 worden
2631 4419 2729 4456 ſein.

2896 4457 3032 4485 Serbien.

2485 4488 2591 4525 Niſch,
2623 4491 2668 4520 31.
2695 4489 2850 4527 Dezember.
2901 4490 3017 4528 (Wolffs
3049 4490 3131 4527 Bür.)
3170 4491 3226 4522 Die
3255 4491 3420 4529 Skupſchina
3448 4493 3495 4529 hat

2893 4609 3017 4637 Tüͤrkei.

2484 4650 2770 4689 Konftantinopel,
2789 4654 2834 4682 31.
2853 4651 3005 4688 Dezember.
3044 4651 3160 4689 (Wolffs
3181 4652 3265 4689 Bür.)
3302 4653 3347 4685 Von
3348 4654 3431 4686 der
3448 4663 3496 4686 an—⸗

2432 4688 2526 4725 geblich
2557 4689 2772 4724 bevorſtehenden
2800 4689 2965 4725 Ernennung
2997 4688 3070 4719 eines
3101 4689 3284 4727 apoſtoliſchen
3306 4691 3420 4728 Legaten
3448 4693 3497 4723 mit

2432 4725 2579 4769 offiziellem
2599 4725 2742 4762 Charakter
2774 4726 2818 4763 für
2838 4725 3057 4763 Konſtantinopel
3091 4726 3122 4763 iſt
3154 4726 3183 4758 in
3211 4726 3322 4765 hieſigen
3351 4729 3496 4767 politiſchen

2498 2841 2529 2872 O
2550 2840 2672 2877 Paris,
2691 2844 2736 2872 31.
2755 2841 2909 2878 Dezember.
2952 2843 3181 2881 (Privat-⸗Telegr.
3206 2844 3253 2874 des
3280 2844 3355 2876 Berl.
3375 2844 3499 2881 Tagebl.)

2440 2877 2497 2908 Der
2517 2877 2645 2914 „Temps“
2646 2878 2807 2914 beſtreitet,
2829 2879 2882 2914 daß
2903 2880 2987 2914 anßer
3001 2880 3107 2911 Saint
3129 2880 3242 2912 Vallier
3249 2883 3371 2918 irgend
3391 2884 3432 2912 ein
3452 2891 3499 2913 an—

2440 3063 2564 3100 Chanzy
2564 3064 2621 3100 in
2642 3064 2807 3101 Petersburg
2836 3064 2889 3099 ihre
2910 3064 3069 3103 Entlaſſung
3096 3065 3198 3097 erbeten
3226 3067 3324 3103 hätten.
3363 3068 3499 3104 Bezüglich

2442 3213 2509 3245 hatte
2530 3211 2681 3249 wiederholt
2700 3212 2800 3248 erklärt,
2832 3212 2875 3249 ſich
2897 3219 2947 3242 von
2968 3213 3148 3250 Waddington
3169 3215 3235 3249 nicht
3254 3217 3371 3250 trennen,
3392 3216 3500 3250 ſondern

2442 3248 2488 3278 mit
2511 3248 2603 3283 dieſem
2624 3248 2708 3284 ſtehen
2729 3250 2783 3278 und
2803 3249 2883 3285 fallen
2903 3258 2934 3285 zu
2955 3253 3057 3281 wollen.
3095 3251 3154 3282 Der
3173 3252 3355 3288 abgegangene
3376 3253 3500 3285 Miniſter

2433 4195 2616 4233 Tageblatts.)
2655 4196 2771 4238 Zufolge
2791 4197 2863 4227 eines
2882 4197 3033 4235 Vortrages
3053 4199 3100 4229 des
3118 4197 3261 4235 Miniſters
3283 4198 3372 4236 Croß
3393 4201 3498 4238 willigte

2432 4234 2470 4262 die
2504 4234 2621 4270 Königin
2651 4234 2770 4264 Victoria
2803 4234 2845 4264 ein
2876 4234 2905 4264 in
2938 4234 2998 4265 die
3011 4235 3216 4267 Ernennung
3250 4236 3322 4267 eines
3352 4237 3498 4274 Polizei—

2434 4345 2498 4375 Croß
2506 4344 2590 4380 ſoll
2620 4345 2695 4381 durch
2716 4345 2886 4381 verſchiedene
2906 4346 3037 4383 Angaben
3062 4347 3125 4378 über
3145 4348 3197 4376 das
3218 4346 3333 4378 Treiben
3353 4348 3383 4379 der
3385 4349 3495 4384 flüch—

2432 4383 2499 4418 tigen
2520 4381 2660 4417 Nihiliſten
2686 4383 2741 4412 und
2761 4382 2926 4419 Socialiſten
2950 4391 2981 4421 zu
3011 4384 3099 4422 obiger
3121 4384 3424 4423 Sicherheitsmaßregel
3451 4386 3493 4417 be—

2430 4525 2500 4556 beide
2520 4527 2723 4557 FKonventionen
2750 4527 2798 4557 mit
2818 4527 2925 4562 Italien
2945 4535 3145 4564 angenommen.
3197 4528 3241 4559 Von
3243 4529 3310 4559 der
3312 4530 3496 4569 Regierung

2430 4563 2519 4594 wurde
2539 4564 2581 4594 ein
2601 4563 2804 4602 Geſetzentwurf
2828 4564 2891 4595 über
2910 4565 3099 4601 Koloniſirung
3119 4565 3147 4596 in
3169 4565 3289 4597 Serbien
3308 4569 3447 4604 vorgelegt.

2420 5382 2455 5408 IL
2466 5369 2568 5411 Drien
2569 5382 2670 5414 Anleihe
2684 5383 2751 5414 bbela,
2765 5395 2794 5401 ⸗
2809 5383 2879 5414 Recht
2876 5382 2941 5414 feſt.

2472 4833 2651 4863 Amſterdam,
2678 4833 2713 4857 81.
2734 4832 2867 4862 Dezember.
2915 4832 3123 4863 (Schlußbericht,
3164 4834 3284 4863 Weizen
3306 4835 3350 4863 auf
3380 4834 3495 4861 Termine

2427 4921 2493 4948 331/5,
2507 4923 2547 4948 per
2563 4920 2619 4946 Mai
2634 4920 2699 4948 345/,4,
2713 4923 2754 4948 per
2769 4920 2851 4948 Herbſt
2865 4920 2927 4948 35.

2472 4950 2648 4977 Amſterdam,
2660 4949 2696 4973 31.
2713 4948 2846 4977 Dezember.
2875 4948 2977 4977 Oeſterr.
2991 4949 3148 4977 LTapierrente
3168 4950 3368 4976 Mail⸗November
3382 4951 3495 4977 verzinsl.

2428 5036 2557 5062 Goldrente
2581 5036 2640 5065 81/4
2666 5036 2724 5066 (83),
2739 5037 2815 5066 bproz.
2838 5036 2927 5064 Ruſſen
2951 5040 3001 5062 von
3028 5037 3084 5061 1877
3108 5038 3137 5062 W
3154 5037 3213 5066 (09)),
3237 5036 3351 5066 Ruſſiſche
3366 5037 3494 5066 Prämien⸗

2611 4897 2619 4919 4
2890 5037 2896 5039 u

2468 5181 2586 5210 Zondon,
2610 5180 2647 5206 81.
2663 5180 2796 5210 Dezember,
2818 5180 2918 5206 Abends
2935 5181 2950 5205 b
2965 5180 3016 5210 Uhr
3029 5181 3060 5206 80
3073 5181 3139 5208 Min.
3168 5181 3273 5210 Conſols
3287 5181 3343 5208 gu
3397 5181 3492 5209 Tuürken

2423 5209 2573 5239 V/Eör
2588 5209 2676 5239 Ruſſen
2691 5209 2729 5239 bbi
2732 5214 2757 5239 /
2781 5215 2867 5238 ungar.
2893 5210 3025 5236 Goldrente
3049 5210 3085 5239 bb,
3111 5210 3198 5238 Silber
3221 5209 3260 5237 be
3261 5215 3296 5241 /
3333 5209 3428 5241 Schlußß
3443 5210 3490 5241 feſt.

2428 5152 2640 5179 EII

2459 5238 2487 5268 In
2488 5238 2558 5264 die
2573 5238 2631 5265 Bank
2632 5238 2739 5268 floſſen
2744 5238 2821 5268 heute
2837 5239 2915 5268 16,000
2930 5239 2986 5268 Pfd.
3002 5239 3077 5265 Sterl.

2467 5267 2615 5297 Hamburg,
2639 5266 2674 5292 31.
2691 5267 2822 5296 Dezember.
2854 5267 3009 5297 Abendborſe.
3021 5268 3237 5299 Deſterreichiſche
3253 5268 3407 5295 Silberrente
3422 5269 3491 5299 60/.

2422 5295 2525 5325 Deſterr.
2541 5295 2697 5326 Papierrente
2711 5295 2777 5326 6*/.,
2791 5295 2892 5326 Oeſterr.
2908 5297 3039 5324 Goldrente
3054 5295 3221 5326 MW/IbWer
3238 5296 3308 5326 Looſe
3326 5297 3405 5326 128/,
3419 5298 3489 5324 Lom⸗

2424 5325 2512 5351 barden
2530 5326 2579 5355 177,
2593 5325 2752 5351 Krebditaktien
2761 5325 2812 5351 263
2814 5326 2848 5355 /
2864 5325 2997 5355 Franzoſen
3013 5326 3065 5355 600,
3084 5326 3216 5355 Rheiniſche
3234 5327 3284 5355 166,
3298 5326 3488 5355 Bergiſch⸗Mär⸗

2422 5354 2487 5384 kiſche
2502 5355 2540 5379 Val
2542 5358 2559 5381 /
2592 5354 2796 5381 Köln⸗Mindener
2813 5354 2889 5384 1461/
2916 5354 2997 5381 167T7er
3012 5354 3102 5386 Ruffen
3116 5356 3151 5385 89,
3166 5356 3256 5386 Ungar.
3275 5356 3406 5382 Goldrente
3421 5355 3492 5386 82

2428 4861 2556 4891 niedriger,
2571 4865 2617 4891 per.
2629 4861 2699 4891 März
2714 4862 2763 4886 354.
2795 4861 2895 4892 Roggen
2899 4863 2981 4887 loco
2998 4862 3168 4892 unverändert,
3183 4864 3227 4892 auf
3233 4863 3344 4890 Termine
3346 4864 3495 4892 geſchäfts—

2432 4892 2478 4920 los,
2493 4894 2534 4919 per
2552 4891 2620 4917 Viär
2636 4892 2688 4919 210,
2702 4894 2743 4918 per
2759 4890 2814 4916 Mai
2830 4892 2878 4916 210.
2909 4891 2992 4920 Raps
3007 4895 3049 4918 vper
3064 4891 3187 4922 Frühjahr
3202 4893 3247 4918 865
3262 4892 3300 4922 Fl.
3330 4891 3412 4919 Rüböl
3418 4891 3492 4919 loco

2428 4978 2486 5008 bꝰ/
2504 4979 2545 5008 ö
2546 4978 2590 5008 /),
2601 4978 2651 5007 do.
2677 4976 2820 5008 Febr.⸗Aug.
2837 4978 2874 5003 do.
2889 4979 2955 5008 68/
2970 4977 3007 5004 do.
3023 4977 3175 5004 Silberrenſte
3191 4978 3362 5008 Januar⸗Juli
3378 4977 3495 5009 do.

2428 5006 2463 5032 do.
2478 5006 2516 5032 do.
2533 5006 2717 5036 April⸗-Oktober
2741 5007 2777 5032 do.
2841 5006 2962 5037 /69/.),
2985 5007 3022 5033 do.
3048 5008 3180 5034 Goldrente
3194 5006 3224 5034 70
3240 5006 3329 5038 (69/.),
3354 5008 3495 5038 Ungariſche

2427 5123 2522 5153 665/.),
2547 5122 2661 5152 Ruſſiſche
2686 5122 2718 5147 II.
2744 5122 2955 5153 Orient⸗Anleihe
2980 5123 3039 5153 66/.
3065 5123 3124 5153 (66),
3148 5123 3297 5153 bprozentige
3321 5123 3415 5150 Türken
3440 5128 3490 5152 von

2427 5065 2484 5090 Anl.
2500 5069 2548 5090 von
2565 5065 2620 5090 1664
2632 5064 2709 5094 143/.,
2725 5064 2833 5094 (142/0),
2848 5064 2961 5095 Ruſſiſche
2976 5065 3130 5092 Vräm.⸗Anl.
3146 5070 3196 5092 von
3221 5066 3279 5091 1666
3282 5065 3345 5091 150
3346 5067 3374 5093 /
3390 5067 3494 5097 )139i/

2427 5093 2563 5127 Ruſſiſche
2562 5093 2644 5127 große
2661 5090 2824 5127 Eiſenbahnen
2824 5090 2912 5127 12814,
2920 5090 3035 5127 (1285),
3040 5090 3172 5127 Ruſſiſche
3180 5090 3204 5120 J.
3219 5090 3425 5127 Orient⸗Anleſde
3432 5090 3495 5127 bö
