2400 3422
174 358 352 390 Donnerfiag,
367 361 392 381 1.
406 358 518 386 Januar.

816 358 984 388 Serliner
1005 360 1208 387 Tageblatt.
1237 360 1288 382 Nr.
1304 361 1326 381 1.

1837 361 1926 392 Seite
1939 364 1967 385 3;

155 392 212 419 Ram,
221 401 264 419 deffen
275 401 314 418 Ende
324 400 388 419 vielleicht
398 401 429 419 no
440 400 478 418 heute
486 400 523 419 nicht
533 400 605 419 abzufehen
616 400 656 417 wäre,
671 403 711 415 wenn
721 399 756 417 nicht

156 418 193 437 Serr
202 418 277 437 Sambetta
288 421 311 436 al8
321 420 357 434 deus
367 423 385 434 ex
396 420 461 434 machina
471 418 543 437 erichienen
553 418 594 437 wäre,
609 419 642 437 reip.
653 419 692 436 durch
703 419 756 436 perlön»

156 436 189 457 lie
198 438 383 457 Intervention
156 436 765 457 bei
156 436 765 457 bem
379 437 468 456 Bräfidenten
475 437 524 456 Grevy
534 437 572 453 einen
578 438 651 457 Ausgleich
659 437 756 457 herbeigeführt
762 436 765 457 |

156 458 198 475 hätte,
217 458 239 474 &&8
253 458 300 475 Icheint
310 457 340 472 dem
350 456 499 475 Kammerprüäfidenten
509 456 566 475 plögliH
576 456 598 472 ein
605 455 677 475 Argawohn
687 455 718 472 oder
728 456 756 471 eine

157 511 187 531 Acht
206 514 250 531 ftede,
269 514 297 529 daS
316 517 349 529 neue
368 511 463 529 Minifterium
483 515 509 528 von
529 513 559 528 dem
565 511 632 531 bisher
653 512 757 528 bdominirenden

156 529 216 551 Ginfiuß
241 532 266 548 des
293 531 346 550 Valais
369 531 438 547 Bourbon
463 531 488 549 frei
512 535 528 551 3u
552 529 610 549 machen.
156 529 765 551 _
645 530 682 546 Sein
706 530 756 548 Befudh

159 552 180 569 bei
196 551 246 569 Srevy
263 555 286 566 am
301 550 368 569 Sonntag
381 548 442 568 Morgen
458 554 482 566 um
497 551 515 566 10
526 550 555 569 Uhr
569 550 593 569 fol
608 549 692 569 Feine&weg8
704 550 757 569 erbeten

157 568 216 587 fondern
226 578 243 580 —
254 573 285 587 zum
295 570 335 587 eriten
346 568 386 587 Mall
396 576 414 579 —
424 568 493 587 meiwilliaq
509 569 537 584 und
547 568 605 587 ziemlich
615 569 697 584 unerwartet
707 568 757 587 erfolgt

157 586 190 606 fein.
209 588 247 605 Was
257 588 318 606 zwilchen
327 586 353 603 den
363 587 409 603 beiden
419 586 508 606 Präfidenten
523 587 602 605 verhandelt
611 587 666 602 worden,
687 586 723 606 weiß
732 590 757 602 Nas

157 605 206 625 türligü
217 607 290 625 Niemand,
300 610 340 623 wenn
349 606 384 624 nicht
394 606 429 625 Herr
435 607 510 622 Sambetta
520 606 557 625 felbjt
567 608 582 621 ec8
589 605 656 625 hinterher
666 605 701 621 beim
711 605 757 624 früh»

157 624 190 643 fü
200 624 248 643 feinem
258 625 330 643 Intimus8s,
340 625 370 640 dem
381 624 476 643 Schaufpieler
491 625 560 642 Boquelin
575 624 605 640 dem
608 624 714 643 „Jüngeren“
729 627 756 640 von

157 642 181 661 ber
197 644 262 661 Gomebie
277 643 345 661 francaife
360 645 440 659 anvertraut
456 644 484 661 hat.
503 643 560 659 YAWbend8
577 643 595 658 im
605 642 671 661 LZbheater
679 643 724 661 jpielte
734 643 757 658 der

157 663 253 682 Angewaltige
263 662 312 682 freilich
327 662 376 678 wieder
390 663 415 678 den
426 663 531 682 Unbefangenen
544 662 572 677 und
582 662 711 679 Ununterrichteten,
721 661 756 677 denn

158 679 172 697 er
182 683 242 700 leuanete
257 679 297 700 fogar
313 681 356 699 feinen
367 681 417 700 Befuch
433 684 465 696 vom
581 681 638 700 obwohl
729 680 756 696 daS

157 701 258 718 wohlbefannte
271 697 312 715 Meine
322 699 371 717 Coupe
382 697 467 716 Gambetta3
482 700 510 715 eine
525 703 567 718 ganze
577 698 633 715 Stunde
648 697 681 718 lang
696 702 724 714 von
733 699 756 715 der

157 716 189 737 Nue
205 720 222 735 dur
233 716 309 737 Faubourg
325 719 351 735 St,
361 718 418 737 Honors
434 720 462 734 aus
477 718 496 734 im
506 718 562 737 Borhof
578 718 602 733 des
613 718 661 737 Elyide
677 716 756 737 ftationiren

158 734 211 755 nejeben
223 738 273 754 hatten.
292 734 322 753 Der
332 737 382 755 Erfola
393 737 433 755 diefer
438 737 480 755 Vilite
491 740 521 755 war
530 737 565 752 denn
575 737 606 755 auch
617 734 655 755 fhon
665 736 680 752 in
690 736 756 754 derfelben

157 755 189 775 Meit
199 760 215 775 zu
225 756 278 774 jpüren,
288 756 305 772 da
315 755 392 775 derjenige,
397 756 420 771 der
430 756 445 774 jie
456 756 519 775 gemacht,
534 755 551 773 Nie
565 756 641 775 ableuagnen
651 755 702 771 wollte,

157 773 213 792 Veyere,
227 773 250 790 der
265 775 315 790 bereit8
332 773 374 792 feine
382 773 480 792 Siebenfjachen
495 774 623 792 zujammenngepackt
639 774 680 792 hatte,
696 773 730 790 weil
743 773 765 792 er]

157 792 211 815 glaubte
221 793 295 815 au&ziehen
306 798 322 811 zu
332 793 383 811 müfien
393 801 412 803 —
421 792 499 815 Freycinet
508 792 544 811 felbit
555 793 591 810 hatte
601 793 629 809 ihm
640 793 666 808 daS
676 796 692 815 zu
702 792 757 808 wieder»

157 811 203 830 bolten
213 812 262 828 Malen
273 811 287 828 in
297 812 347 828 dürren
357 812 415 828 Worten
425 811 475 830 gejagt
485 819 503 822 —
513 811 548 830 Herr
557 812 607 829 Lepare
617 811 664 830 erhielt
674 815 701 827 von
712 811 756 827 Gam-

156 828 193 848 betta
203 830 224 846 bie
234 831 309 848 Nachricht,
318 831 346 848 dak
357 835 370 846 er
380 831 432 846 bleiben
446 830 489 848 dürfe,
508 830 593 848 Gleichzeitig
603 830 649 846 wurde
659 830 704 848 Herrn
714 830 751 845 Wade:
752 828 765 848 |

157 847 215 867 binaton
231 850 257 865 das
273 849 355 867 Gegentheil
370 850 437 867 bedeutet;
451 850 477 865 den
487 849 618 867 Botichafterpoiten
634 849 638 864 in
637 847 725 866 London,

159 885 244 904 Voraänaen
254 887 301 904 erhielt
311 885 350 903 Leon
361 886 394 904 Say
407 887 432 902 erit
446 887 460 902 in
476 886 519 904 Mäter
529 885 672 904 NachmittagS{tunde
682 885 752 904 Keuutniß.
753 885 765 904 |

156 867 188 886 ibm
196 869 219 884 als
230 868 340 886 Cntfhäbigqung
350 869 426 886 angeboten
436 868 487 884 wurde,
497 867 539 886 Ichluqg
549 872 563 883 er
573 870 605 883 aus.
625 867 658 883 Don
669 868 704 883 allen
714 867 757 883 diejen

161 903 198 923 Sein
208 905 282 923 Entfchiunß
298 908 328 921 war
344 905 386 923 fofort
401 905 452 923 gefaßt.
471 905 519 923 Gegen
536 907 544 920 6
561 905 590 922 Uhr
600 905 656 920 MAbendS
667 905 699 922 fuhr
710 909 723 920 er
733 906 757 920 Ins

158 923 208 942 (S[njee
220 924 249 940 und
265 924 299 942 Icate
313 924 340 941 fein
356 923 446 942 Vorterfenille
461 924 475 939 in
491 924 546 942 Grevyz3
557 924 606 942 Hände
622 924 671 942 3Zurücg.
690 923 714 939 Da

156 980 231 998 angeboten
241 980 270 995 und
280 984 380 998 angenommen
391 980 421 998 Jeim

156 493 185 512 und
201 495 240 512 don
255 493 288 512 Say
308 498 325 512 zu
344 495 398 512 balten,
418 493 477 512 bagegen
493 493 545 512 Lepere
564 497 581 512 zu
600 493 679 511 entfernen,
694 493 714 509 Die
729 493 765 512 Yb»]

156 473 250 495 Befürchtung
260 476 338 495 gefommen
348 479 363 494 zu
373 476 404 493 fein,
415 476 439 490 al8
450 479 458 490 ob
459 473 522 493 binter
532 475 561 491 dem
571 473 648 495 Bemühen,
661 474 756 493 Wabbington

157 942 224 963 Stunden
230 942 273 960 ipäter
279 943 299 958 die
305 942 449 963 Ernennungsdekrete
459 943 481 958 für
490 943 516 958 das
522 947 555 958 neue
561 942 655 958 Viinifterium
666 942 756 963 ausgefertigt

156 960 217 979 wurden,
227 961 241 978 fo
251 961 286 977 kann
296 961 316 976 die
323 961 366 979 Wahl
376 961 474 979 Maanin’8
485 962 509 979 erit
519 962 538 977 im
546 962 590 979 lebten
596 960 677 979 Augenbli
687 960 766 979 getrorjen,
156 960 766 979 |

185 1003 226 1021 Mber,
242 1003 256 1021 fo
267 1003 320 1019 werden
331 1003 358 1019 Sie
369 1003 424 1021 fragen,
441 1003 503 1021 weshalb
513 1003 550 1021 Hatte
562 1003 598 1019 denn
608 1003 643 1025 Herr
652 1003 703 1025 Lepare
712 1002 758 1020 durch

156 1023 184 1038 au8
195 1023 236 1040 gehen
247 1022 300 1039 follen?
319 1022 370 1040 Lachen
381 1022 408 1038 Sie
418 1022 457 1040 nicht,
467 1025 506 1038 wenn
517 1022 535 1040 ih
545 1022 596 1043 Ihnen
600 1022 625 1043 die
637 1021 710 1039 Wahrheit
720 1021 757 1040 fage:

156 1041 227 1060 Freycinet
238 1044 270 1059 mag
280 1041 305 1058 ihn
315 1041 349 1058 nicht
359 1049 377 1051 —
387 1041 442 1059 riechen,
461 1041 490 1057 Der
504 1041 548 1059 jegige
557 1041 622 1058 Minijter
634 1041 658 1056 des
666 1040 724 1059 Innern
734 1041 757 1058 hat

157 1059 214 1077 nämlich
224 1059 276 1075 allerlei
286 1059 395 1077 Gewohnheiten
405 1061 433 1075 aus
443 1059 485 1078 feiner
495 1059 543 1094 ann
553 1059 584 1075 Se
585 1059 659 1095 tralifed
671 1059 757 1077 beibehalten,

157 1078 198 1094 unter
207 1078 271 1094 Underen
287 1078 308 1094 die
324 1079 348 1094 des
359 1078 454 1096 RauchenS,
473 1078 494 1094 Und
513 1082 553 1094 wenn
563 1082 578 1094 er
588 1079 669 1096 wenigjtens
684 1078 716 1096 noch
727 1079 757 1096 gute

157 1096 229 1115 Gigarreh,
240 1097 282 1114 echte8
293 1097 411 1115 Havannahfraut
421 1097 478 1115 rauchen
488 1096 541 1113 wollte!
559 1096 606 1112 Allein
622 1097 643 1112 die
660 1096 694 1112 kann
704 1096 737 1118 hier
743 1096 757 1112 in

156 1115 200 1134 Folge
210 1116 235 1131 des
245 1116 325 1133 Monopol&
341 1115 376 1134 nicht
386 1115 436 1131 einmal
446 1116 468 1131 ein
478 1115 542 1134 Minifter
552 1115 576 1134 fih
585 1115 634 1134 leiften,
650 1118 690 1131 wenn
699 1120 714 1131 er
723 1115 757 1133 nicht

158 1134 222 1150 nebenbei
229 1134 305 1150 Millionär
315 1137 342 1149 von
351 1134 386 1152 Fach
397 1134 416 1152 ift,
420 1134 461 1168 Den
468 1134 518 1152 Lepdre
529 1134 544 1151 ift
554 1134 575 1149 ein
585 1134 700 1153 unvermögender
706 1134 757 1152 Jurift,

158 1152 186 1168 und
196 1153 214 1168 da
225 1157 239 1168 er
249 1153 273 1168 mit
283 1153 313 1168 dem
324 1152 378 1171 Dichter
388 1153 411 1168 der
435 1153 474 1171 Anficht
484 1152 546 1171 huldigt:
569 1153 624 1170 „Rauch
635 1153 650 1171 ift
660 1153 696 1168 ale8
706 1153 757 1170 ird’ihe

156 1171 214 1193 Leben,“
230 1171 244 1193 fo
254 1171 270 1189 ift
280 1175 294 1187 er
308 1171 333 1188 auf
343 1171 376 1189 feine
386 1171 485 1190 Tabatapfeife
501 1164 588 1190 angewiefen,
607 1171 629 1188 @8
645 1172 661 1189 ift
670 1171 714 1189 wahr,
730 1171 757 1189 daß

156 1189 191 1205 biefe
200 1189 246 1208 Mfeife
256 1189 291 1212 nicht
301 1193 317 1208 zu
327 1190 352 1205 den
363 1190 415 1209 großen
425 1190 507 1206 Stummeln
517 1190 569 1209 gehört,
584 1191 630 1208 welde
640 1190 663 1206 der
673 1190 758 1208 franzöfiidhe

156 1208 248 1226 Volksmund,
259 1209 289 1224 weil
299 1213 313 1224 er
323 1209 346 1227 fih
357 1209 401 1224 daran
411 1213 427 1227 zu
438 1209 521 1224 verbrennen
532 1209 567 1227 liebt,
583 1209 694 1228 „brüle-gueule“
705 1209 757 1227 getauft

156 1227 184 1244 hat,
203 1227 231 1245 Im
241 1227 327 1249 Gegentheil,
337 1229 353 1243 e8
364 1227 379 1245 ift
389 1228 411 1243 ein
421 1232 457 1246 ganz
466 1228 566 1245 minifterielle®
576 1220 664 1246 Brachtftüc,
674 1229 702 1243 aus
712 1227 757 1243 Meer-

157 1245 209 1264 fchaum
219 1246 247 1261 und
254 1246 326 1264 Bernftein
337 1246 458 1268 zujammengejegt
467 1247 495 1262 und
502 1246 538 1264 felbit
548 1246 604 1265 größere
611 1246 725 1262 Staatsmänner
734 1246 757 1261 als

156 1265 192 1286 Herr
200 1264 255 1282 Löpere,
266 1265 313 1286 welche
322 1265 379 1281 beinahe
388 1265 420 1280 eben
430 1265 444 1282 fo
455 1265 496 1284 große
505 1265 566 1283 Naucher
576 1265 603 1283 fein
613 1265 659 1283 follen,
669 1265 724 1282 dürften
734 1265 757 1283 fih

156 1284 192 1299 beim
207 1283 328 1305 Barlament8bier
345 1283 393 1305 folder
407 1283 452 1302 Pfeife
469 1284 504 1302 nicht
518 1284 581 1301 fhämen.
600 1283 646 1299 Allein
662 1284 698 1302 Herr
707 1283 757 1301 Lepdre

156 1302 229 1324 dibertreibt
239 1304 254 1317 e&
265 1302 279 1317 in
290 1302 332 1320 feiner
342 1302 440 1321 Leidenjhaft;
457 1307 471 1318 er
480 1302 526 1321 bringt
536 1303 557 1318 die
566 1302 612 1320 Pfeife
623 1303 650 1318 und
660 1303 685 1318 den
695 1301 757 1318 Tabals-

156 1321 200 1336 bentel
211 1321 236 1336 mit
247 1321 267 1342 in
272 1321 296 1336 den
307 1321 408 1342 Minifterrath,
418 1322 446 1337 und
456 1321 532 1355 Dielen
549 1322 571 1337 ber
584 1321 605 1337 ein
615 1321 689 1339 pedantijch
699 1321 758 1339 ftrenger

157 1339 246 1361 Gentleman,
256 1343 278 1355 ein
288 1340 342 1356 Mujter
352 1339 462 1358 ariftofratiidher
472 1340 533 1359 Eleganz
543 1340 571 1356 und
585 1340 608 1356 ein
618 1340 687 1356 Todfeind
697 1340 721 1355 der
730 1340 757 1358 ples

157 1358 219 1376 bejifhen
226 1358 279 1380 Unfitte
294 1358 319 1374 des
329 1359 402 1379 MNauchenS
418 1359 438 1376 ift,
453 1358 482 1374 will
493 1359 525 1374 über
535 1359 561 1374 das
572 1358 627 1377 faloppe
641 1359 669 1374 und
679 1358 757 1376 burichikoje

156 1376 204 1394 MWejen
213 1376 256 1398 feines
267 1377 332 1395 Kollegen
342 1377 381 1394 fhier
399 1379 427 1393 aus
443 1377 472 1393 dem
483 1377 582 1395 Minifterfrak
596 1377 649 1396 fahren,
673 1377 722 1396 Indeß
732 1378 757 1393 des

156 1395 305 1430 Pe
315 1395 357 1412 Mile
368 1395 383 1412 ift
393 1400 417 1414 zur
426 1396 458 1415 Zeit
467 1396 500 1414 noch
511 1396 562 1414 ftärker,
578 1396 602 1412 al8
612 1397 636 1412 des
647 1396 756 1414 Kabınetspräfi-

156 1414 204 1430 benten
221 1415 303 1436 Wıderwille,
319 1415 347 1436 und
364 1414 377 1432 fo
394 1415 428 1430 wird
443 1415 478 1430 denn
493 1418 518 1430 vor
533 1415 555 1430 der
565 1415 607 1434 Hand
617 1415 653 1434 Herr
662 1415 713 1433 Lepöre
724 1415 757 1449 I

156 1432 209 1467 Kr
220 1437 238 1448 im
249 1433 304 1451 Sonfeil
315 1433 359 1451 feinen
367 1433 447 1451 „Caporal“
458 1437 474 1452 zu
484 1434 548 1450 qualmen
559 1434 587 1449 uud
597 1434 662 1449 mit_dem
667 1433 704 1451 Duft
714 1434 756 1451 diefes

170 1451 270 1469 ‚eufelSfrauteS
280 1451 307 1467 alle
317 1451 359 1467 Aften
369 1456 385 1470 zu
396 1452 484 1471 jhwängern,
495 1452 516 1468 die
526 1453 565 1470 durch
576 1452 610 1471 feine
619 1452 668 1471 Hände
678 1453 725 1471 gehen,

183 1479 208 1495 Da
218 1478 237 1497 ih
251 1479 265 1497 fo
279 1479 306 1495 viel
315 1482 343 1495 von
358 1480 384 1495 den
397 1480 434 1495 alten
444 1480 519 1498 Miniftern
529 1480 611 1499 geiprochen,
627 1480 669 1502 affen
679 1480 707 1502 Sie
723 1480 756 1499 mich

155 1497 191 1515 rafd)
201 1499 233 1514 nod)
243 1499 287 1512 etwas
299 1502 325 1513 von
335 1500 360 1513 den
371 1503 414 1514 neuen
425 1499 469 1517 jagen,
485 1499 508 1516 ehe
522 1499 546 1514 der
560 1499 622 1514 Metteur
636 1503 663 1514 mir
673 1499 693 1514 die
704 1498 756 1516 Spalte

156 1518 182 1531 vor
191 1516 214 1531 der
223 1515 259 1532 Nafe
269 1515 343 1534 zufchließt.
363 1516 387 1532 Da
398 1516 413 1533 ift
423 1517 465 1534 zuerit
475 1517 498 1532 der
508 1517 615 1538 mehrerwähnte
625 1517 661 1551 em
670 1517 755 1539 Magnin,

155 1533 179 1550 der
189 1534 309 1552 Finanzminister,
327 1534 350 1553 In
365 1535 388 1556 der
402 1535 478 1553 politijhen
488 1535 525 1551 Welt
541 1536 557 1553 ift
567 1535 607 1553 diejer
617 1536 630 1551 M
637 1540 668 1557 ann
675 1540 702 1551 nur
712 1539 756 1555 wenig

155 1552 216 1570 befanut,
227 1553 267 1568 weil
276 1557 291 1568 er
301 1553 365 1569 Senator
375 1553 391 1571 ift
400 1554 428 1569 und
438 1554 509 1572 obwohl
519 1558 533 1570 er
543 1554 581 1572 fhon
587 1554 638 1570 einmal
646 1554 710 1571 Minifter
722 1558 756 1570 war.

156 1571 177 1587 Gr
186 1572 240 1590 gehörte
250 1571 308 1590 nämlid
318 1572 341 1587 der
351 1572 420 1591 Regierung
440 1575 471 1588 vom
481 1573 495 1588 4.
505 1572 588 1590 September
602 1577 621 1589 an
631 1574 659 1589 und
670 1573 717 1591 fheint
727 1574 755 1591 jehr

156 1590 221 1624 bat
223 1590 300 1625 Or
310 1594 326 1609 zu
336 1590 385 1608 haben,
395 1591 413 1606 da
421 1576 446 1609 fi
456 1591 483 1607 das
493 1591 568 1610 Publikum
584 1596 610 1610 gar
615 1592 654 1613 nicht
664 1593 702 1610 mehr
712 1593 755 1608 daran

156 1611 220 1624 erinnert,
270 1609 290 1627 dit,
307 1613 331 1625 um
346 1611 361 1625 e8
377 1610 407 1628 Kurz
418 1613 438 1631 3u
454 1610 499 1629 fagen,
515 1610 538 1625 der
547 1610 591 1628 Sohn
601 1610 644 1628 jeine8
654 1610 712 1633 Vaters.
731 1611 755 1626 Da

155 1627 196 1644 diefer
205 1627 307 1646 Wbgeordneter
317 1631 353 1645 war,
367 1628 391 1644 der
405 1628 455 1644 Linken
470 1629 547 1647 angehörte,
562 1629 583 1644 die
598 1629 664 1651 fhönften
674 1629 755 1648 Weinberge

154 1646 183 1661 und
193 1646 214 1662 die
224 1646 323 1664 bedeutendften
334 1646 416 1664 Eijentwerke
427 1647 441 1662 in
448 1647 517 1666 Burgund
528 1648 572 1665 befaß,
582 1648 595 1665 fo
605 1648 621 1665 i{t
632 1650 647 1663 eS
655 1648 703 1666 feinem
709 1648 754 1664 Erben

155 1664 177 1680 ein
187 1664 252 1683 Leichtes,
257 1665 286 1683 ihm
297 1665 310 1680 in
321 1666 357 1681 allen
367 1665 410 1683 diefen
416 1665 475 1681 Stücken
485 1667 589 1684 nachzuahmnen.
604 1666 632 1682 Al8
642 1671 656 1682 er
666 1666 714 1685 jünger
721 1670 754 1688 war,

154 1682 186 1717 Feb
196 1687 210 1699 er
219 1684 242 1699 der
252 1683 314 1702 „fhöne“
321 1684 388 1702 Magnin,
399 1684 422 1702 jeit
432 1685 456 1703 ihn
466 1685 499 1700 aber
508 1686 529 1700 die
536 1685 602 1703 Nebläufe
609 1686 659 1703 plagen
665 1693 683 1696 —
690 1685 761 1701 worüber

161 1701 184 1719 ihn
193 1706 235 1720 graue
244 1702 291 1721 Haare
307 1702 365 1721 wachjen
375 1711 394 1713 —
403 1703 419 1721 ift
435 1705 450 1719 e&
467 1703 492 1719 mit
508 1703 532 1719 der
546 1704 622 1721 Schönheit
637 1704 688 1720 vorbei,
711 1704 754 1720 Seine

154 1720 218 1755 See
219 1721 275 1739 di
285 1721 313 1739 find
323 1721 396 1739 jedenfalls
406 1721 486 1740 diejenigen,
498 1722 545 1740 weldhe
555 1722 582 1739 fein
592 1722 716 1744 Hauptbuchhalter
726 1723 754 1741 ihn

172 1739 176 1755 i
191 1740 215 1755 ber
230 1739 333 1758 Jahresbilauz
350 1740 375 1758 auf
390 1740 414 1756 der
429 1740 468 1774 Mai
469 1740 520 1762 Sci
537 1742 584 1757 notirt,
610 1741 638 1757 Die
654 1746 687 1757 neue
702 1741 754 1757 Würde

154 1757 190 1774 wird
208 1759 246 1776 wohl
265 1758 295 1777 fehr
313 1759 379 1777 genehm,
399 1759 420 1774 die
444 1760 479 1775 damit
495 1760 580 1775 verbundene
595 1760 643 1776 Bürde
662 1761 694 1776 aber
709 1760 754 1779 wenig

154 1776 210 1794 bequem
219 1776 252 1794 fein,
271 1777 309 1792 Man
324 1777 347 1795 hat
362 1777 397 1793 denn
408 1778 443 1812 4
450 1777 493 1795 jofort
502 1778 546 1793 daran
556 1779 614 1797 gebacht,
629 1779 658 1796 ihn
672 1779 710 1794 einen
720 1779 754 1796 tüch-

155 1794 192 1813 tigen
208 1795 318 1813 arbeits[uftigen
335 1796 495 1813 Unterfiaat8=Sekretär
510 1800 528 1812 an
538 1796 559 1812 die
569 1796 609 1812 Seite
625 1801 642 1815 zu
658 1797 710 1815 fielen,
727 1798 754 1813 und

156 1815 171 1828 es
182 1813 223 1846 beißt,
233 1814 260 1831 daß
275 1800 316 1831 Dicler
331 1814 381 1829 bereit8
392 1814 407 1829 in
416 1815 439 1830 der
452 1814 504 1832 Berfon
515 1815 539 1830 des
549 1815 632 1832 Deputirien
642 1815 719 1834 Wilfon,
730 1816 753 1831 des

155 1831 223 1849 „feinen“
233 1832 293 1850 Wilfon,
303 1832 329 1848 wie
339 1836 372 1847 man
383 1832 406 1849 ihn
417 1832 431 1848 in
441 1833 466 1848 den
476 1833 544 1849 Couloir8
555 1834 611 1851 betitelt,
621 1834 688 1852 gefunden
699 1834 720 1851 fet,

182 1850 214 1865 Den
224 1850 302 1865 Beinamen
316 1851 341 1865 des
357 1851 431 1868 „Kleinen“
448 1852 471 1869 hat
486 1856 501 1867 er
514 1855 539 1867 vor
548 1856 584 1867 neun
594 1852 650 1870 Jahren
660 1853 726 1871 erhalten,
736 1852 753 1868 da

154 1872 169 1889 er
178 1868 201 1883 al8
212 1867 260 1887 junger
274 1868 353 1884 Lebemann
368 1869 391 1887 fi
406 1870 445 1884 unter
459 1869 480 1884 die
490 1869 610 1888 Parlamentarier
619 1871 675 1888 mijchte,
694 1871 715 1886 Er
724 1874 754 1886 war

155 1887 179 1902 bi8
189 1886 231 1905 dahin
246 1887 267 1902 ein
277 1887 330 1905 Dandy
346 1891 373 1903 von
387 1887 411 1903 der
425 1887 492 1905 wildeften
505 1888 550 1904 Sorte
560 1889 623 1907 gewejen,
632 1893 668 1905 einer
678 1889 714 1908 jener
724 1894 753 1905 vor:

155 1905 212 1922 nehmen
228 1905 280 1924 jungen
291 1905 372 1924 Wüftlinge,
388 1906 427 1922 deren
437 1906 486 1925 Haupt
495 1907 523 1922 und
534 1907 593 1923 Vorbild
606 1908 648 1923 neben
660 1908 690 1923 dem
700 1908 753 1927 Herzog

155 1926 182 1939 von
198 1924 373 1942 Grammont-Caderoufje
390 1925 434 1943 Prinz
444 1928 471 1940 von
481 1925 546 1941 Oranien
562 1929 592 1942 war
601 1927 630 1941 1ind
640 1930 655 1945 zu
665 1927 705 1942 deren
716 1927 753 1943 über»

153 1942 218 1958 Tebenden
234 1943 304 1961 traurigen
321 1943 434 1961 Berühmtheiten
451 1944 474 1959 der
484 1944 552 1962 Marquis
567 1945 582 1960 de
592 1945 636 1964 Caurx,
652 1946 675 1961 der
685 1945 728 1962 Gatte
738 1946 752 1960 in

153 1962 217 1996 ee
227 1964 254 1977 von
265 1961 324 1977 Adelina
334 1961 379 1980 Patti,
390 1962 442 1980 gehört.
461 1962 493 1978 Aus
508 1963 555 1980 diejem
566 1963 626 1979 Strudel
635 1964 657 1981 riß
667 1964 692 1980 den
703 1964 752 1983 jungen

174 1979 208 1997 iljon
218 1979 297 1999 der>rieg,
307 1980 363 1998 worauf
373 1980 406 1996 feine
417 1980 495 1999 Schwefter,
506 1981 526 1997 die
539 1983 579 1999 durch
589 1982 668 2000 Neichthum
678 1983 704 1998 wie
713 1984 752 2000 durd

154 1998 231 2016 Schönheit
241 1999 281 2020 glei
292 1999 400 2020 ausgezeichnete
410 1999 477 2015 Madame
490 2000 555 2019 Pelouze,
572 2000 596 2018 ihn
606 2001 645 2018 durch
655 2001 683 2019 ihre
694 2002 751 2017 Bauern

153 2020 184 2051 fd
195 2017 278 2035 Deputirten
288 2017 342 2035 wählen
353 2017 379 2035 ließ
390 2018 422 2035 und,
432 2018 501 2036 gleihfam
511 2019 537 2034 wie
550 2019 564 2035 in
574 2019 603 2035 eine
612 2020 752 2038 Befferungsanftalt,

168 2037 177 2051 8
187 2035 271 2057 Parlament
281 2036 333 2054 fehikte,
358 2036 387 2052 Sin
403 2037 441 2054 mehr
451 2037 512 2055 pikantes
528 2038 552 2053 als
562 2038 682 2056 wahrfheinliches
693 2039 751 2055 Gericht

152 2054 182 2070 will
192 2054 241 2072 wifjen,
252 2054 279 2072 daß
285 2055 352 2071 Madanıc
359 2055 425 2077 Belouze,
435 2055 455 2077 die
462 2056 524 2078 reizgende
532 2056 560 2072 und
567 2057 633 2075 begüterte
643 2057 684 2076 junge
691 2057 751 2075 Witlwe,

153 2076 169 2091 zu
179 2073 209 2089 dem
219 2073 309 2091 Präfidenten
324 2074 374 2092 Grevy
385 2078 399 2089 in
413 2074 481 2091 intimften
491 2075 587 2094 Beziehungen
602 2075 640 2094 fjtehe,
655 2077 683 2092 und
693 2076 721 2093 daß
730 2076 750 2092 die

152 2091 195 2109 tajche
205 2091 274 2113 Karriere,
284 2092 305 2107 die
320 2092 343 2108 der
353 2092 406 2110 „keine“
421 2092 476 2109 Wilion
491 2093 513 2112 feit
527 2095 563 2109 1871
568 2096 636 2113 -gemacht,
646 2095 719 2112 wejentlidh
729 2095 751 2110 der

152 2109 233 2128 Mroteftion
248 2110 279 2126 des‘
286 2111 332 2129 Herrn
342 2111 391 2129 Grövy
396 2115 417 2133 zu
428 2112 501 2127 verdanken
512 2112 533 2130 jei,
556 2112 579 2128 An
590 2113 613 2130 fich
623 2113 639 2131 ift
649 2115 696 2132 legtere
707 2114 751 2130 Thatz

152 2128 187 2147 jache
197 2129 241 2147 gewiß
252 2129 303 2164 A
313 2130 345 2145 aber
355 2132 371 2145 e&
381 2133 418 2145 wäre
428 2131 502 2152 ungerecht,
512 2131 539 2146 das
552 2132 597 2150 eigene
607 2131 677 2150 Verdienit
687 2132 751 2150 Wilfon®

152 2151 169 2166 zu
178 2148 277 2167 unterjhäßen,
301 2152 315 2164 ber
329 2150 346 2170 e8
356 2149 438 2170 verftanden,
454 2149 477 2168 {id
492 2153 506 2165 in
516 2150 539 2165 der
549 2150 615 2166 Kammer
628 2151 656 2166 eine
667 2151 750 2170 Spezialität

151 2169 169 2200 m
178 2166 238 2201 Üalen
248 2167 276 2182 und
291 2167 314 2183 der
328 2167 354 2183 mit
368 2168 431 2189 eifernem
442 2167 483 2186 Fleıß
499 2169 543 2184 daran
558 2169 629 2187 gearbeitet
640 2170 667 2187 hat,
682 2170 707 2185 den
722 2170 752 2187 Ruf

161 2184 193 2203 iefer
201 2185 288 2207 Spezialität
303 2185 328 2203 auf
342 2186 371 2202 eine
381 2186 421 2203 folide
431 2186 475 2204 Bajis
488 2191 505 2205 zu
515 2187 565 2206 fielen.
584 2187 614 2203 Der
624 2188 697 2207 ehemalige
707 2188 751 2205 Gom-

151 2207 190 2223 meug
200 2204 222 2226 ift
230 2204 288 2220 nämlich
306 2205 344 2222 heute
363 2205 403 2226 unter
417 2205 441 2220 den
462 2205 556 2227 franzöfiihen
574 2206 657 2224 Deputirten
677 2208 706 2223 eine
725 2208 751 2223 Art

151 2225 179 2238 von
190 2222 277 2241 „Nichter-
281 2222 344 2242 Hagen“,
365 2228 379 2239 er
396 2223 411 2242 ift
427 2224 450 2239 der
460 2224 520 2243 fiandige
536 2224 713 2244 Budget-Berichterftatter
724 2227 752 2242 und

178 2291 196 2294 —
206 2283 246 2299 Bon
256 2284 323 2299 Robert
335 2284 441 2303 Hamerling
456 2285 517 2302 erfheint
531 2285 605 2302 demnächft
620 2286 641 2301 ein
656 2288 699 2302 neue
715 2286 752 2304 fünf»

151 2302 202 2321 aftige8
213 2302 277 2320 Lujtfpiel
289 2303 307 2318 im
318 2303 366 2321 Druck,
381 2303 408 2319 das
423 2304 448 2319 den
458 2303 496 2319 Titel
507 2304 552 2322 „Lord
562 2304 625 2321 Lucifer“
639 2304 682 2322 führt.
700 2305 752 2323 Teden-

150 2320 185 2337 fall
199 2321 227 2336 eine
238 2321 322 2340 interefjante
332 2322 428 2341 Grideinung,
443 2323 468 2341 auf
482 2323 503 2338 die
518 2322 544 2338 wir
559 2323 632 2342 eingehend
645 2323 751 2342 zurüdfommen

150 2340 208 2355 werben,

179 2368 205 2386 Tg.
215 2368 253 2384 ANu8
264 2368 322 2387 Paris
332 2369 368 2384 wird
378 2369 448 2388 gemeldet:
468 2369 522 2388 „Jules
532 2369 597 2387 Barbier,
610 2370 633 2386 der
643 2370 751 2388 unerfhöpfliche

149 2386 223 2404 Librettift,
233 2387 294 2404 weldhem
305 2388 371 2405 Gounod,
387 2388 458 2405 Ambroife
468 2388 538 2406 Thomas,
555 2388 603 2404 Victor
613 2389 660 2407 Mafjje
671 2393 685 2405 u.
695 2389 713 2405 A,
723 2390 751 2407 ihre

150 2405 239 2423 wirkjamjten
250 2406 332 2425 Operutexte
343 2411 360 2424 zu
370 2407 421 2422 danken
435 2407 483 2425 haben,
498 2407 514 2424 ift
524 2407 570 2424 foeben
583 2408 607 2423 als
617 2408 687 2423 Kandidat
697 2409 721 2426 für
730 2409 751 2424 die

149 2423 221 2439 Mlademie
231 2425 314 2443 aufgetreten
331 2425 364 2443 und,
380 2429 403 2440 um
415 2425 448 2442 feine
457 2426 544 2445 Bewerbung
554 2430 571 2444 zu
580 2426 671 2461 Aare
688 2427 712 2444 hat
728 2427 751 2442 der

150 2442 178 2460 ihm
189 2443 272 2460 befreundete
282 2443 347 2460 Direktor
357 2444 382 2459 des
392 2444 442 2460 Obdeon
449 2451 455 2457 »
462 2444 531 2463 Theater8
546 2445 571 2461 auf
586 2445 627 2462 diejer
655 2446 689 2461 Bühne
700 2445 750 2461 Sonn-

149 2461 192 2477 abend
203 2461 224 2477 ein
240 2462 291 2477 älteres
308 2463 336 2478 und
353 2463 390 2480 fhon
401 2463 420 2478 im
430 2463 474 2479 Druck
490 2463 578 2482 erjhieneneS
595 2464 675 2498 Hr
685 2464 750 2482 Luftfpiel

149 2482 177 2495 von
196 2480 242 2498 Jules
261 2481 331 2496 Barbier:
351 2481 383 2499 „Un
399 2482 458 2496 Homme
476 2482 485 2497 ä&
499 2482 581 2501 plaindrel“
601 2482 632 2517 (
661 2487 675 2498 er
693 2483 750 2501 DBejam-

148 2499 271 2517 mern&werthe!“)
291 2499 306 2515 in
326 2499 372 2516 Szene
392 2500 433 2519 gehen
453 2500 499 2518 laffen,
518 2501 549 2517 Der
567 2500 600 2517 Titel
625 2501 649 2517 des
669 2501 684 2517 in
699 2502 749 2520 Verjen

149 2517 245 2535 geichriebenen
261 2518 319 2534 Stüdes
336 2503 356 2536 AM
373 2518 398 2534 wie
414 2523 447 2535 man
463 2520 501 2537 wohl
516 2520 555 2537 jchon
571 2520 634 2538 errathen
642 2520 677 2542 hat,
693 2520 749 2538 ironijd

149 2535 214 2569 Ti
233 2536 333 2555 Fortunatus,
353 2537 376 2553 der
395 2537 439 2556 Geld,
457 2538 480 2553 der
499 2538 535 2556 nicht
554 2538 613 2557 umfonft
632 2539 675 2556 diefen
694 2539 749 2555 Namen

166 2552 197 2572 brt,
216 2554 232 2573 ift
248 2555 313 2574 vielmehr
328 2555 349 2571 ein
366 2555 454 2574 Schooßkind
470 2557 495 2572 des
511 2557 569 2573 Glüces
585 2558 613 2573 und
629 2557 708 2576 gleichwohl
724 2558 749 2574 mit

137 2570 192 2587 "einem
216 2573 276 2593 galligen
281 2586 285 2592 ,
314 2574 418 2609 nen
437 2575 543 2594 Temperament
566 2576 656 2595 ausgeftattet,
692 2577 748 2594 welches

149 2588 177 2606 Ähm
192 2589 218 2608 fein
233 2592 246 2609 fo
262 2593 337 2612 gefegnetes
348 2593 400 2611 Dafein
410 2594 472 2609 verleidet
488 2594 516 2610 und
526 2594 550 2629 Ye
562 2594 577 2610 in
586 2594 609 2610 der
619 2588 705 2613 Frankhaften
714 2595 749 2612 Eine

149 2606 206 2626 Bildung
216 2610 267 2629 erhält,
283 2612 300 2627 daß
321 2616 335 2627 er
345 2612 368 2628 der
378 2612 476 2631 unglüclichjte
487 2613 522 2629 aller
547 2613 617 2631 Sterblihen
627 2613 649 2631 je.
668 2614 689 2630 Gr
698 2614 748 2633 ärgert,

150 2625 206 2644 ereifert,
221 2629 283 2647 entrüftet
310 2631 366 2665 he
375 2631 416 2646 Alles
431 2631 459 2647 und
474 2631 503 2650 läßt
518 2632 541 2650 fih
552 2632 566 2647 in
577 2632 625 2650 feinem
635 2632 698 2651 Finfteren
708 2619 749 2651 Sie

149 2644 198 2660 frauen
208 2647 234 2661 bon
243 2646 285 2663 einem
295 2649 370 2665 Bebdienten
380 2649 419 2668 fogar
429 2650 506 2668 überreden,
521 2650 548 2669 daß
558 2650 592 2668 feine
602 2650 646 2670 Frau,
661 2651 682 2667 die
692 2656 705 2667 er
716 2652 747 2670 doch

149 2661 193 2682 Tängft
209 2664 232 2679 al8
247 2664 269 2680 ein
278 2666 332 2684 Mufter
348 2668 382 2684 aller
392 2668 468 2687 weibliden
478 2668 556 2687 Tugenden.
570 2669 619 2685 kennen
631 2670 673 2688 follte,
688 2670 712 2689 ihn
722 2672 747 2686 mit

149 2681 193 2697 einem
203 2681 264 2705 Freunde
274 2684 329 2704 täufhe,
345 2687 367 2703 ein
377 2687 448 2705 Verbacht,
464 2687 479 2703 in
489 2688 550 2705 welchem
564 2688 588 2722 Ca
598 2688 620 2704 ein
633 2689 747 2723 iwoblmeinender

148 2699 205 2719 Oheim,
220 2705 244 2717 um
254 2702 277 2724 ihn
292 2705 319 2718 von”
336 2704 378 2723 feiner
387 2706 437 2722 Manie
447 2710 464 2724 zu
473 2706 521 2724 heilen,
531 2707 563 2724 nod)
582 2706 632 2725 beftärkt,
672 2708 683 2723 Wie
692 2712 722 2723 nun
732 2708 747 2724 in

148 2718 238 2741 Fortunatus
254 2720 275 2736 die
284 2721 329 2743 beffere
339 2723 386 2740 Natur
402 2725 427 2740 mit
442 2725 490 2741 feinem
501 2725 569 2744 unfeligen
580 2725 687 2744 Menihenhaffe
697 2727 747 2744 Lämpft

147 2738 176 2753 umb
186 2738 256 2757 jOließlidh
267 2739 291 2755 den
302 2740 336 2758 Sieg
346 2743 406 2759 gewinnt
416 2751 434 2754 —
444 2744 477 2761 biefe
490 2743 593 2763 pfyAhologiihe
602 2744 695 2764 Entwicklung
706 2745 747 2761 bildet

147 2755 172 2772 ben
182 2756 224 2775 Stoff
238 2758 262 2773 des
272 2763 291 2774 an
296 2759 375 2796 Si
384 2766 436 2780 armen,
453 2762 485 2778 aber
500 2763 525 2778 mit
536 2763 585 2781 feinem
595 2763 682 2781 moralijden
693 2764 746 2782 Gefühl

146 2775 175 2790 umb
192 2776 205 2791 in
222 2776 284 2793 fauberer
312 2779 344 2793 Yoctit
359 2778 470 2799 dürdggeführten
483 2780 542 2800 Stücks,
558 2782 615 2800 welcheß
628 2782 667 2798 einen
680 2783 746 2801 ehrbaren

146 2793 261 2814 Achtungserfolg
272 2797 334 2815 errang.“

178 2830 194 2833 —
203 2823 281 2839 Laube’8
298 2828 351 2840 neuer
367 2825 435 2841 Noman
449 2828 486 2846 „Die
495 2828 591 2847 Böhminger“
606 2829 651 2846 dürfte
667 2829 682 2845 in
692 2829 745 2846 einigen

147 2840 216 2863 Monaten
227 2846 246 2857 im
253 2842 312 2862 Verlage
322 2846 349 2866 von
356 2844 435 2865 Hallberger
444 2846 520 2864 erfcheinen,
530 2833 567 2863 Das
571 2848 659 2866 Manuikript
669 2848 684 2864 it
695 2834 745 2865 bereits

145 2861 171 2875 bor
181 2863 234 2878 einigen
244 2860 293 2880 Tagen
304 2863 385 2881 volljtändig
396 2863 418 2878 der
427 2863 561 2886 Verlagshandlung
571 2866 651 2886 eingejdhiet
661 2867 722 2883 worden.

173 2896 192 2899 —
206 2888 374 2909 Sadher-Mafjod’s
389 2891 472 2913 Operette
482 2893 518 2910 „Die
528 2894 590 2912 Wächter
605 2895 628 2911 der
637 2895 696 2911 Moral“
710 2895 745 2911 wird

143 2906 187 2941 en
201 2907 216 2922 in
226 2907 262 2926 Belt,
277 2909 306 2924 und
317 2912 354 2927 zwar
368 2910 418 2925 bereits
432 2910 451 2926 im
461 2910 524 2929 Januar,
539 2917 563 2931 zur
573 2913 663 2932 Aufführung
679 2914 745 2931 kommen,

160 2925 208 2941 ireftor
218 2926 269 2949 Nobert
280 2927 334 2943 Müller
351 2928 375 2945 hat
390 2929 444 2947 diefelbe
461 2929 525 2948 glänzend
541 2932 635 2951 au8geftattet.
661 2932 689 2949 Die
705 2934 745 2952 durch

143 2943 172 2978 Mer
182 2944 257 2967 Schönheit
273 2946 302 2962 und
318 2946 340 2965 ihr
350 2946 401 2963 Talent
417 2948 458 2967 glei
474 2948 562 2968 vorlheilhaft
574 2951 638 2967 bekannte
647 2951 693 2968 Olma
709 2952 745 2971 fingt

143 2961 164 2978 die
173 2962 235 2982 Fürftin,

147 2993 188 3012 „+
199 2992 256 3009 „Cine
272 2992 354 3011 jhwarze
369 2994 450 3014 Benu8“,
465 2995 487 3011 die
499 2995 558 3012 Novität
573 2996 598 3013 des
608 2997 744 3016 Louifenftädtijhen

149 3009 218 3044 See
228 3010 253 3045 Ne
254 3011 289 3049 A
296 2997 383 3049 Sitten
393 3013 436 3048 a
437 3015 529 3050 CE
539 3014 553 3031 in
563 3016 608 3031 etwas
618 2998 690 3052 bene
700 2999 744 3036 Wie

161 3031 168 3041 "
182 3039 190 3048 Titel
226 3034 242 3045 end
305 3035 324 3049 jat,
334 3035 357 3047 macht
387 3036 396 3051 gute
428 3032 481 3052 Qäufjer
533 3034 578 3053 bürfte
592 3036 620 3051 auß
647 3040 654 3051 ber
680 3036 744 3053 Dresdener

145 3051 197 3062 056
207 3047 254 3065 fobald
262 3049 297 3069 mit
306 3049 409 3070 verihwinden,

770 400 794 416 ber
813 400 907 436 DeRADSENE,
924 401 980 419 Budget
984 407 990 414 =
993 400 1056 417 Kritiker,
1084 401 1109 418 Oh
1128 405 1143 417 er
1161 401 1211 420 freili®
1231 401 1251 417 im
1270 401 1326 417 Stande
1345 401 1373 419 fein

770 419 810 437 wird,
820 418 841 435 die
851 419 986 438 Gejchäftstenntniß
997 420 1025 435 und
1034 420 1055 435 die
1065 419 1158 437 Arbeitsfraft
1172 420 1209 436 Leon
1220 420 1267 439 Say’8
1282 424 1298 439 zu
1315 420 1372 442 erfegen,

771 438 798 453 bas
809 437 844 459 wird
853 442 867 454 er
877 438 902 456 erft
912 438 976 456 beweifen
985 438 1045 457 müffen,
1059 438 1095 473 un
1110 443 1123 455 er
1138 439 1215 456 überhaupt
1224 439 1260 455 N
1261 439 1307 474 der
1311 439 1336 455 a
1346 443 1374 454 ein»

771 456 852 491 |
862 456 913 475 often
923 461 943 473 an
960 457 983 473 der
998 457 1045 476 Spige
1068 462 1082 473 der
1091 457 1233 476 Budgetfommijfion
1249 459 1274 474 mit
1316 457 1372 477 zweiten

772 474 818 491 Stelle
834 479 848 491 im
857 475 1002 494 Finanzminifterium
1013 480 1029 498 zu
1039 476 1127 494 vertaufchen,
1353 487 1357 491 :

799 493 832 509 Bon
842 494 867 510 den
877 494 928 510 andern
938 499 982 510 neuen
992 494 1067 512 Miniftern
1077 495 1092 512 {ft
1102 495 1137 513 nicht
1147 495 1174 511 viel
1194 499 1203 511 zu
1215 495 1260 514 fagen.
1279 494 1342 514 CTazot,
1352 495 1376 511 der

771 511 854 534 Nachfolger
863 512 881 529 Le
891 513 952 532 Royer’8
966 513 986 529 im
995 513 1088 532 Juftizfache,
1103 513 1119 530 it
1132 513 1157 529 wie
1167 499 1208 531 Hide
1218 514 1292 532 Senator,
1308 514 1340 530 aber
1349 513 1375 532 faft

771 531 832 550 garnicht
842 531 904 547 bekannt,
922 531 1002 551 Varroy,
1012 532 1035 548 der
1045 536 1079 548 neue
1090 532 1211 550 Bautenminifter,
1222 533 1298 551 gleichfalls
1306 532 1375 550 Senator,

771 553 802 565 war
811 549 858 568 früher
867 550 991 566 Betriebsdireftor
1001 551 1024 566 der
1034 550 1187 569 Baris-Straßburger
1196 551 1244 570 Bahn,
1254 552 1282 567 und
1294 551 1320 570 fein
1331 551 1375 567 Name

771 568 787 584 ift
797 568 868 586 daber_in
882 569 950 603 SEEN
965 569 989 588 N
990 569 1051 604 rein
1063 570 1092 585 und
1102 569 1218 586 Beamtenkreijen
1235 570 1293 592 Ziemlich
1309 570 1375 589 geläufig.

771 586 833 603 General
841 587 905 622 NG
931 592 938 603 T
949 592 982 604 neue
1014 588 1106 606 Kriegsminifter
1112 600 1116 606 ,
1126 588 1163 606 hatte
1174 588 1220 607 bisher
1230 593 1252 604 ein
1262 589 1350 604 Kommando
1361 589 1375 604 in

771 605 821 624 Lyon,
829 607 862 628 gilt
878 606 901 622 als
916 606 971 625 eifriger
985 606 1086 624 Republikaner
1100 607 1129 623 und
1139 607 1202 623 verdankt
1212 607 1246 624 feine
1256 607 1342 625 Ernennung
1353 607 1376 623 der

771 624 852 643 Mrotektion
863 624 957 641 Gambetta’8,
977 625 997 641 Sr
1007 629 1037 641 war
1047 627 1072 643 e&,
1087 625 1111 641 der
1126 625 1145 641 im
1155 625 1239 644 Spätherbit
1250 627 1286 641 1870
1300 626 1322 641 die
1334 626 1375 644 Megis

771 644 822 659 menter
832 643 850 659 im
860 643 916 659 Norden
927 648 970 663 Eee
971 644 1011 680 kr
1027 644 1074 662 welde
1090 644 1112 660 bei
1127 644 1210 663 Bapaume,
1227 644 1253 661 St,
1269 645 1333 661 Quentin
1347 645 1375 660 und

771 661 831 677 YAmiens
840 663 880 678 unter
891 662 967 681 Faidherbe
984 663 1032 680 Fochten.

800 680 916 699 Gharafteriftijh
927 681 947 700 ift,
957 681 984 699 daß
995 681 1040 700 Farre
1049 681 1078 697 und
1088 681 1145 700 Barroy
1160 681 1196 698 beide
1210 681 1258 700 ebenfo
1268 682 1294 698 wie
1303 681 1375 716 Eee?

773 698 797 715 der
806 699 850 714 Ecole
859 700 926 734 sie
927 701 971 734 Fre
981 700 1074 717 enfitammen.
1093 700 1136 716 Unter
1146 701 1171 716 den
1181 701 1244 718 früheren
1248 700 1328 720 Zöglingen
1345 700 1375 718 diefer

771 717 826 736 Anftalt
835 718 884 755 a
900 718 928 734 eine
938 719 1000 737 förmlich
1010 719 1122 736 freimaureriiche
1133 719 1211 735 are
1212 723 1250 754 AM
1261 720 1289 735 und
1299 720 1317 735 da
1327 719 1372 735 Gam

774 737 813 754 betta,
823 737 847 753 der
851 739 864 772 £
885 737 927 755 önlid
938 738 973 755 ohne
983 738 1069 759 gründlihes
1079 737 1131 756 Wiffen
1141 738 1169 754 und
1180 738 1215 756 ohne
1225 742 1252 754 alle
1259 738 1375 757 Spezialbildung

772 755 792 773 ift,
810 758 835 771 vor
863 757 902 771 Leuten
912 756 938 771 mit
949 756 1015 774 pofitiven
1031 756 1120 774 Kenntniffen
1136 757 1175 772 einen
1191 758 1243 775 nahezu
1260 757 1375 775 abergläubifhen

772 773 827 792 Refpekt
838 774 884 796 befigt,
895 774 908 792 fo
918 774 965 793 fcheint
975 775 995 790 die
1004 774 1036 794 Zeit
1047 775 1080 791 nicht
1091 776 1129 792 mehr
1138 775 1177 793 fein,
1194 779 1216 791 wo
1231 776 1257 791 alle
1262 776 1311 811 Dar
1321 775 1376 791 YNemter

772 797 790 808 an
800 792 838 827 ES
839 797 886 809 FIEUTE
895 793 921 809 wie
931 793 1003 812 Freycinet
1018 794 1049 809 oder
1063 798 1082 809 an
1097 794 1168 811 Chemiker
1176 794 1202 810 wie
1213 794 1253 812 Baul
1276 795 1297 828 er

775 814 833 827 werden.
1290 823 1323 829 A,
1344 825 1348 828 FF,

882 851 918 868 Der
927 851 1085 870 „Bibel-Konflikt“
1095 852 1112 868 in
1122 851 1261 871 Konftantinopel

778 874 829 895 fcheint
845 875 919 894 nunmehr
935 875 1005 896 beigelegt
1021 880 1039 897 zu
1055 875 1090 896 fein,
1108 875 1197 897 wenigjtens
1211 876 1237 896 hat
1250 875 1273 893 die
1284 876 1337 897 Pforte
1348 876 1376 893 den

775 895 886 920 Sroßmächten
897 896 928 913 eine
936 896 1021 917 Erklärung
1030 896 1095 935 jun
1106 896 1158 917 Taffen,
1170 898 1230 917 wonach
1242 901 1287 918 gegen
1295 897 1322 918 Ah
1328 902 1352 914 me
1357 897 1376 914 d-

772 917 843 937 Tewsfik
860 917 944 938 überhaupt
961 918 997 937 no
1016 918 1054 935 keine
1065 917 1122 939 Strafe
1140 918 1201 935 erlannt
1219 919 1280 936 worden
1296 918 1319 939 ift.
1343 918 1373 936 Die

772 937 886 959 Angelegenheit
904 939 935 959 hat
952 939 992 959 au
1013 938 1044 959 für
1061 938 1188 959 Deutidhland
1210 939 1242 956 ein
1264 939 1374 960 befonderes

772 959 872 980 Intereffe,
894 960 925 977 al8
946 960 975 977 ein
994 959 1085 980 deutfher
1102 960 1210 981 Unterthan
1231 960 1259 978 bei
1277 960 1373 981 derfelben

773 980 804 997 mit
820 980 921 998 verwidelt
937 980 963 1000 ift.
984 980 1021 1005 Der
1032 981 1136 1005 Zhatbeftand
1152 981 1170 1001 {ft
1187 981 1228 1020 CN
1239 981 1316 1002 englifder
1330 981 1374 1006 Dar-

774 1001 841 1043 DE
853 1001 904 1040 N
914 1001 931 1019 in
942 1002 967 1019 der
976 1002 1052 1023 türkijhen
1061 1002 1160 1023 Mittheilung
1171 1002 1202 1023 ihre
1230 1002 1312 1024 Beftätigung
1323 1002 1373 1024 findet,

784 1027 799 1040 er
817 1027 884 1043 folgende:

801 1043 828 1062 Im
838 1047 933 1078 SEE
943 1043 1030 1062 September,
1047 1047 1073 1060 vor
1088 1044 1111 1060 der
1121 1044 1184 1062 Bildung
1200 1044 1225 1060 des
1230 1044 1291 1079 ‚ehigen
1302 1045 1374 1063 Kabinet8,

773 1062 845 1080 verhaftete
868 1062 882 1084 die
898 1062 952 1081 Polizei
968 1063 1006 1078 einen
1023 1063 1123 1081 Miffionar
1140 1063 1219 1079 Namens
1246 1063 1292 1079 Köller
1301 1065 1342 1079 unter
1352 1064 1375 1079 der

773 1081 837 1099 Anklage,
847 1081 909 1100 religiöfe
918 1081 983 1097 Traktate
993 1081 1056 1098 vertheilt
1071 1085 1087 1100 zu
1101 1082 1149 1099 haben,
1169 1081 1204 1098 Drei
1214 1081 1280 1098 Stunden
1291 1083 1323 1100 nach
1334 1082 1374 1099 feiner

773 1085 860 1134 Serbaftung
876 1100 922 1115 wurde
938 1104 952 1115 er
967 1100 1055 1135 ‚Feigelaijan,
1071 1100 1115 1116 wobei
1130 1100 1175 1119 jedoch
1191 1100 1211 1116 die
1222 1100 1276 1135 Kalte
1292 1105 1317 1119 zur
1327 1101 1372 1119 Recht:

773 1118 842 1137 Fertigung
857 1119 889 1135 ihres
899 1118 986 1153 nt
996 1118 1018 1134 ein
1034 1123 1042 1134 in
1052 1119 1120 1137 türtiider
1130 1119 1193 1137 Sprache
1202 1119 1277 1138 verfaßtes,
1288 1119 1302 1135 in
1313 1120 1372 1136 London

773 1137 847 1155 gedructes
857 1137 899 1155 Buch,
915 1137 931 1153 in
956 1141 977 1153 dem
993 1138 1022 1153 eine
1037 1137 1067 1153 dem
1077 1137 1179 1156 Islamismus
1195 1138 1318 1156 zIuwiderlaufende
1328 1138 1373 1154 Stelle

773 1156 832 1174 vorfam,
842 1156 882 1173 fowie
892 1156 924 1175 zwei
930 1156 1026 1174 Manujkripte
1035 1156 1105 1174 ähnlidhen
1111 1156 1174 1175 Inhalts
1179 1157 1264 1190 Sale
1283 1157 1311 1173 Aın
1322 1157 1374 1176 folgen:

772 1174 798 1190 den
814 1174 853 1193 Tage
869 1175 916 1191 wurde
932 1175 954 1190 ein
970 1175 1096 1193 mufelmännifcher
1105 1175 1165 1193 Priefter
1188 1175 1243 1191 Namenz
1253 1175 1306 1194 Ahmed
1322 1176 1374 1194 LZewfit

773 1193 812 1209 unter
817 1194 839 1209 der
844 1193 904 1212 Anklage
910 1193 981 1211 verhaftet,
990 1194 1013 1209 der
1018 1193 1087 1212 Verfaffer
1091 1194 1128 1212 jener
1135 1194 1205 1215 Schriften
1211 1198 1227 1211 zu
1238 1194 1273 1212 fein;
1282 1194 1309 1210 daS
1320 1195 1374 1213 gericht»

773 1212 804 1230 liche
813 1212 868 1230 Verhör
881 1212 945 1230 deffelben
955 1212 1001 1228 wurde
1008 1212 1091 1230 verfhoben.
1100 1212 1131 1228 Der
1136 1213 1198 1231 engliiche
1204 1212 1287 1230 Botfchafter
1293 1213 1321 1229 Sir
1326 1213 1374 1235 Henry

775 1231 829 1249 Layard
839 1231 863 1249 hat
873 1231 938 1248 während
953 1231 976 1246 der
990 1232 1035 1249 legten
1049 1231 1078 1247 drei
1092 1231 1152 1247 Monate
1167 1232 1187 1247 die
1199 1231 1286 1265 ee
1295 1232 1318 1247 der
1328 1234 1373 1250 Herrn

773 1249 820 1265 Söller
829 1249 902 1268 gehörigen
912 1249 973 1267 Papiere
982 1252 1010 1265 von
1020 1250 1043 1265 der
1052 1249 1103 1268 Pforte
1113 1250 1181 1268 verlangt.
1200 1250 1267 1268 Nachdem
1278 1251 1309 1269 zwei
1316 1251 1341 1269 auf
1348 1251 1372 1266 den

773 1268 859 1287 GSegenftand
870 1268 943 1287 bezügliche
953 1268 999 1284 Noten
1009 1268 1036 1284 Sr,
1043 1268 1113 1287 Excellenz
1123 1270 1233 1284 unbeantwortet
1244 1269 1316 1291 geblieben,
1327 1270 1351 1287 hat
1360 1274 1374 1285 er

773 1291 795 1302 am
806 1287 850 1304 feßten
860 1287 922 1305 Montag
932 1287 960 1304 fein
970 1287 1020 1305 SGefuch
1030 1289 1099 1306 erneuert;
1114 1287 1132 1303 da
1148 1288 1219 1303 abermalz
1234 1288 1269 1303 Feine
1279 1288 1344 1304 Antwort
1354 1292 1374 1304 er=

773 1305 819 1339 folgte,
830 1305 857 1323 ließ
867 1310 881 1321 er
891 1306 914 1321 der
924 1305 996 1323 türkijhen
1006 1306 1085 1325 Negierung
1099 1306 1128 1321 eine
1143 1306 1236 1325 Mittheilung
1247 1306 1310 1325 zugehen,
1327 1307 1371 1322 indem

772 1328 786 1340 er
802 1325 818 1342 ihr
827 1324 856 1340 brei
865 1324 905 1343 Tage
914 1324 946 1343 Zeit
956 1324 987 1342 lich,
997 1325 1090 1346 nachitehende
1100 1325 1199 1343 Forderungen
1222 1329 1230 1340 zu
1241 1325 1322 1344 bewilligen,
1333 1325 1371 1341 näm-

773 1343 804 1361 lid:
823 1343 844 1358 die
863 1343 950 1362 Zurücdgabe
969 1343 992 1359 der
1010 1343 1071 1361 Papiere
1091 1343 1152 1362 Köllers,
1173 1344 1194 1359 die
1212 1329 1299 1362 Siam
1319 1344 1372 1362 Ahmed

772 1361 842 1380 Tewfils,
867 1363 892 1377 des
915 1361 1043 1380 mufelmännijhen
1070 1362 1149 1381 Priefters,
1173 1362 1226 1380 welder
1249 1363 1316 1381 angeblich
1342 1367 1372 1381 zum

773 1380 811 1396 Tode
836 1380 915 1398 verurtheilt
940 1381 995 1396 worden
1022 1385 1060 1398 war,
1091 1381 1122 1396 weil
1148 1385 1161 1396 er
1186 1381 1206 1397 bei
1233 1381 1256 1397 der
1282 1381 1373 1400 Neberfegung

772 1400 795 1415 der
814 1399 856 1415 Bibel
875 1400 899 1414 ins
917 1399 987 1417 Türkijche
1006 1400 1075 1417 betheiligt
1095 1399 1165 1418 gewejen,
1190 1400 1218 1415 und
1237 1400 1258 1415 die
1277 1400 1320 1415 Amt3
1327 1407 1332 1413 »
1339 1401 1373 1416 Ent:

772 1418 825 1436 Taffung
835 1418 859 1433 des
869 1418 1002 1436 Bolizei-Direktor8
1012 1421 1040 1433 von
1050 1418 1113 1436 Angora,
1123 1419 1147 1434 der
1157 1418 1210 1436 Ahmed
1217 1418 1278 1436 Tewfils
1284 1419 1372 1440 Verhaftung

773 1436 839 1454 befohlen,
849 1437 877 1452 und
887 1437 911 1452 des
926 1436 1100 1452 Militärkommandanten
1116 1440 1143 1452 von
1156 1437 1195 1455 Van,
1205 1438 1251 1454 welde
1261 1438 1303 1453 Beide
1313 1438 1342 1453 eine
1352 1439 1372 1453 be:

772 1455 845 1474 feidigende
855 1455 916 1474 Sprache
932 1460 972 1474 gegen
988 1455 1053 1474 England
1063 1456 1091 1471 und
1105 1456 1126 1471 die
1136 1455 1204 1473 britijhen
1214 1456 1342 1475 Konfularagenten
1352 1461 1372 1474 ge

772 1474 809 1491 führt
819 1474 871 1492 hatten,
894 1474 950 1492 Layard
959 1474 1019 1491 erklärte,
1033 1474 1066 1492 daß,
1076 1478 1115 1490 wenn
1125 1474 1147 1490 die
1157 1475 1184 1490 drei
1199 1474 1253 1493 Punkte
1263 1475 1297 1493 nicht
1307 1475 1372 1490 bewilligt

771 1493 823 1508 werben
833 1492 885 1510 follten,
899 1497 913 1508 er
927 1493 964 1508 Lord
974 1493 1054 1514 Salisbury
1068 1497 1094 1508 un:
1108 1492 1191 1511 Weifungen
1206 1494 1239 1509 über
1249 1493 1274 1509 den
1284 1480 1371 1512 Gegeuitanp

771 1511 830 1529 erfucen
840 1512 868 1527 und
879 1511 960 1529 unterdeffen
967 1511 988 1527 die
998 1511 1107 1548 MP
1118 1512 1214 1530 Veziehungen
1225 1516 1241 1530 zu
1251 1513 1274 1528 der
1281 1512 1331 1530 Pforte
1341 1512 1371 1530 auf»

772 1530 813 1546 heben
820 1530 871 1546 würde,
889 1530 912 1548 In
920 1530 986 1545 Antwort
992 1534 1010 1545 auf
1026 1530 1047 1545 die
1057 1530 1135 1548 Vorftellun
1146 1530 1206 1565 es
1207 1533 1232 1549 N
1242 1530 1307 1549 Layard3
1309 1531 1341 1552 hat
1351 1531 1371 1546 die

771 1548 821 1566 Pforte
826 1548 894 1565 denfelben
906 1549 1012 1567 benachrichtigt,
1022 1548 1056 1567 daß
1066 1549 1095 1564 der
1105 1535 1182 1567 Million
1199 1554 1206 1565 r
1217 1549 1279 1565 Köller
1289 1550 1324 1565 fein
1336 1550 1371 1565 bris

772 1567 838 1585 tifjder,
848 1567 922 1585 fondern
933 1567 960 1583 ein
971 1567 1057 1585 deutfcher
1067 1567 1168 1584 Unterthan
1178 1568 1200 1586 fei
1209 1568 1238 1583 und
1245 1568 1270 1584 des
1275 1568 1336 1584 Weitern
1345 1569 1371 1584 Be-

771 1586 809 1604 weife
820 1586 906 1604 beigebracht,
916 1586 943 1604 daß
954 1586 980 1602 das
991 1586 1051 1604 Gerücht
1061 1589 1088 1601 vow
1098 1586 1121 1602 der
1130 1586 1237 1605 Verurtheilung
1248 1587 1300 1604 Ahmed
1310 1587 1370 1605 Tewfit®

774 1608 804 1623 zum
814 1604 854 1620 Tode
868 1605 911 1622 nicht
924 1605 973 1622 wahr
987 1604 1011 1623 ift;
1027 1604 1084 1623 derfelbe
1100 1605 1124 1622 fol
1140 1605 1165 1621 den
1181 1605 1275 1624 Grflärungen
1291 1606 1313 1621 der
1323 1605 1371 1624 Pforte

773 1622 822 1641 gemäß
832 1623 851 1638 im
862 1623 943 1642 Gegentheil
953 1628 980 1639 nur
990 1623 1026 1639 einer
1032 1623 1161 1642 Borunterfuchung
1171 1624 1263 1641 unterworfen
1273 1624 1330 1642 gewefen
1341 1624 1371 1642 fein,

771 1642 818 1657 welche
828 1642 874 1659 foeben
885 1642 947 1657 beendigt
953 1642 1013 1658 worden.
1026 1642 1099 1658 Ueberdie&
1111 1643 1133 1660 hat
1144 1643 1165 1658 die
1171 1642 1220 1660 Pforte
1228 1643 1256 1658 Sir
1262 1643 1309 1662 Henry
1316 1644 1371 1661 Layard

771 1660 791 1676 die
801 1660 897 1683 Verfiherung
911 1647 969 1679 ertBeilt,
985 1661 1012 1678 daß
1027 1661 1080 1678 Ahmed
1090 1661 1143 1679 Tewfik
1152 1661 1178 1676 mit
1187 1661 1255 1679 Nachficht
1269 1665 1295 1677 von
1311 1662 1335 1677 den
1348 1664 1371 1677 08:

770 1679 844 1697 manifchen
853 1679 926 1697 Behörden
942 1680 1013 1696 behandelt
1023 1680 1076 1695 werden
1085 1680 1125 1695 wird.
1150 1680 1187 1695 Man
1198 1681 1250 1699 glaubt,
1261 1680 1288 1698 daß
1298 1680 1371 1698 angeficht®

770 1698 792 1713 der
802 1698 853 1716 fowohl
863 1701 891 1714 von
900 1698 924 1713 der
933 1698 984 1716 Pforte
994 1699 1018 1714 al8
1025 1698 1053 1714 Sir
1059 1698 1106 1717 Henry
1116 1698 1172 1716 Layard
1183 1699 1261 1716 bewiefenen
1272 1699 1370 1717 verjöhnlichen

770 1716 868 1739 Sefinuungen
878 1717 898 1732 die
908 1716 1014 1736 Angelegenheit
1024 1717 1058 1732 keine
1069 1717 1120 1734 erniten
1131 1717 1184 1735 Folgen
1194 1718 1238 1735 haben
1248 1719 1297 1733 werde,

800 1735 841 1753 Dies
852 1736 875 1753 die
886 1735 970 1756 Erklärung
987 1738 1017 1753 aus
1033 1735 1115 1760 englifdher
1121 1735 1186 1756 Quelle;
1205 1738 1230 1753 der
1247 1736 1371 1757 Hauptvorwurf,

770 1756 829 1777 welcher
840 1756 866 1774 der
876 1756 930 1777 Pforte
941 1756 1005 1777 gemacht
1016 1757 1059 1777 wird,
1073 1756 1090 1776 ft
1101 1757 1124 1774 die
1135 1757 1225 1777 Bummelei,
1243 1757 1270 1774 mit
1281 1757 1341 1779 welcher
1352 1757 1370 1777 fie

769 1777 792 1794 die
804 1777 918 1798 Angelegenheit
929 1777 983 1794 betrieb
995 1778 1025 1801 und
1037 1778 1059 1794 die
1072 1777 1221 1801 NRückfichtsledigkeit,
1233 1778 1284 1795 weldhe
1296 1778 1314 1799 fie
1325 1783 1370 1799 gegen

770 1799 797 1821 den
814 1797 888 1818 britifhen
898 1798 990 1819 Botfchafter
1001 1799 1049 1819 zeigte.
1072 1798 1125 1819 Segen
1142 1799 1188 1823 Ddiejen
1199 1783 1276 1819 Borat
1283 1799 1370 1819 vertheidigt

770 1819 795 1839 fh
800 1819 836 1856 Jeht
846 1819 869 1835 die
880 1818 933 1839 Pforte
945 1819 961 1836 in
972 1819 1011 1836 einer
1022 1819 1100 1838 amtlihen
1111 1819 1211 1840 Mittheilung
1223 1824 1243 1837 an
1254 1820 1284 1839 ihre
1296 1820 1374 1838 Vertreter

769 1839 789 1856 im
816 1839 885 1860 Auslande,
904 1839 953 1864 indem
972 1839 991 1860 fie
1007 1840 1043 1863 fagt,
1061 1840 1092 1860 „die
1109 1845 1153 1860 gegen
1169 1840 1226 1861 Ahmed
1239 1840 1295 1861 Tewfil
1311 1842 1372 1862 einge:

769 1860 831 1877 Teitete
847 1860 959 1881 geridhtlidhe
973 1861 1111 1881 Unterfucdhung
1126 1845 1152 1898 je
1169 1861 1235 1881 joeben
1251 1862 1283 1881 erft
1295 1863 1371 1879 beendet

769 1881 842 1899 worben,“
863 1881 919 1902 Ferner
931 1881 949 1901 fei
960 1883 977 1898 eS
994 1881 1068 1902 durchaus
1080 1886 1150 1906 unwahr,
1166 1882 1197 1903 daß
1209 1882 1267 1901 Ahmed
1279 1882 1335 1902 Tewfik
1345 1888 1370 1904 zur

769 1901 866 1926 Todesfirafe
883 1902 969 1923 verurtheilt
979 1903 1040 1920 worden
1051 1902 1076 1923 ift;
1094 1903 1118 1920 bis
1130 1904 1160 1924 jekgt
1171 1903 1189 1923 fei
1201 1903 1284 1924 überhaupt
1298 1904 1332 1924 noch
1345 1904 1371 1923 auf

770 1923 807 1940 feine
818 1923 874 1944 Strafe
900 1928 934 1944 gegen
951 1923 1028 1944 denjelben
1042 1923 1104 1948 erkannt
1116 1925 1181 1941 worden.
1203 1924 1225 1942 Cr
1240 1925 1290 1942 wurde
1302 1925 1371 1945 verhaftet

774 1946 818 1961 unter
828 1945 853 1962 der
865 1928 988 1965 eALDigUNG.
1000 1944 1077 1965 Schriften
1089 1945 1166 1962 verbreitet
1176 1949 1194 1966 zu
1206 1945 1260 1966 haben,
1278 1946 1327 1963 welche
1339 1951 1372 1966 zum

772 1965 839 1986 Umfturg
850 1965 875 1983 der
886 1965 962 1986 religiöjen
973 1965 1051 1986 Ordnung
1062 1966 1128 1986 geeignet
1139 1966 1176 1986 feien
1188 1967 1218 1983 und
1230 1967 1261 1984 eine
1272 1967 1371 1987 Beleidigung

768 1988 794 2003 des
805 1986 861 2006 Islam
878 1987 962 2007 enthielten.
982 1986 1012 2006 In
1024 1986 1096 2008 Nebrigen
1113 1987 1140 2007 fol
1159 1987 1184 2004 der
1200 1987 1269 2008 engliiche
1281 1988 1372 2026 in

769 2010 804 2024 vom
815 2007 877 2025 Sultan
893 2007 982 2028 empfangen
999 2008 1062 2027 werden,
1079 2012 1105 2025 um
1122 2010 1153 2025 au
1170 2008 1217 2027 defjen
1233 2008 1293 2026 Munde
1309 2009 1332 2026 die
1348 2009 1372 2026 Er.

768 2028 837 2049 Tebigung
855 2028 900 2047 feiner
917 2028 1040 2046 Neflamationen
1058 2029 1073 2046 in
1090 2029 1115 2046 der
1131 2029 1245 2050 Bibel-Affaire
1261 2034 1279 2051 zu
1296 2030 1370 2050 erfahren,

768 2049 810 2066 Man
821 2049 874 2070 glaubt
891 2054 916 2066 um
928 2050 943 2070 fo
951 2050 1019 2073 gewijfer
1029 2054 1050 2067 an
1068 2050 1099 2066 eine
1110 2050 1157 2070 rafhe
1168 2052 1199 2067 und
1218 2050 1324 2071 befriedigende
1336 2051 1371 2069 Yeis

767 2070 821 2091 fegung
837 2071 864 2088 des
874 2070 999 2091 Zwijchenfalles,
1017 2071 1047 2088 al3
1059 2070 1108 2091 auch,
1125 2071 1153 2088 wie
1167 2073 1198 2088 un&
1215 2071 1256 2092 fjhon
1274 2072 1296 2089 ein
1308 2072 1371 2092 Privat

767 2092 847 2115 telegramm
848 2092 930 2115 meldete,
936 2092 966 2109 der
977 2091 1055 2112 deutfhe
1064 2091 1238 2113 Gefchäftsträger,
1250 2093 1301 2112 Graf
1309 2093 1371 2110 Nado-

767 2112 830 2136 linsti,
841 2113 870 2129 die
881 2113 970 2133 Weifung
981 2116 1016 2130 von
1028 2113 1092 2137 feiner
1098 2113 1207 2134 Regierung
1218 2114 1301 2134 erhalten
1314 2115 1371 2134 haben

767 2134 798 2154 joll,
814 2134 837 2150 die
850 2133 973 2158 Mektlamationen
990 2135 1016 2151 des
1033 2135 1136 2154 englijhen
1150 2134 1280 2155 Botfdajter&
1297 2136 1324 2152 bei
1341 2136 1371 2153 der

767 2154 836 2175 Pforte
847 2159 869 2176 zu
880 2157 934 2172 unter
939 2157 1004 2176 ftüßgen.

980 2190 1148 2218 Deutjchland.

799 2227 874 2246 Berlin,
889 2229 915 2245 31.
926 2227 1014 2249 Dezember.
1043 2228 1109 2249 (Wolifs
1121 2228 1173 2248 Bür,).
1202 2228 1267 2249 Zufolge
1284 2228 1325 2249 heute
1339 2229 1370 2249 hier

767 2248 855 2286 getofiemer
866 2248 981 2270 Vereinbarung
997 2249 1034 2266 wird
1046 2250 1070 2266 der
1081 2250 1211 2270 Handelsvertrag
1223 2250 1288 2270 zwijchen
1300 2250 1368 2271 Deutich-

774 2269 804 2286 and
816 2270 846 2287 und
857 2269 1016 2291 Defterreich-Ungarn
1027 2273 1062 2287 vom
1075 2273 1099 2288 16,
1105 2270 1187 2291 Dezember
1200 2272 1240 2288 1878
1252 2271 1291 2291 nebft
1302 2272 1368 2292 Schluß:

767 2290 837 2310 protofoll
849 2290 874 2308 bis
885 2292 910 2308 30,
920 2291 962 2311 Juni
975 2292 1016 2308 1880
1026 2291 1042 2308 in
1053 2292 1098 2312 Kraft
1110 2292 1172 2311 bleiben,
1185 2291 1233 2312 jedoch
1245 2292 1272 2309 mit
1283 2292 1367 2313 Ausichluß

767 2312 792 2328 der
804 2311 927 2332 Beftimmungen
938 2312 975 2329 über
980 2312 1073 2354 Solfeibeit
1084 2314 1109 2330 der
1120 2313 1205 2333 Nobhleinen
1216 2313 1252 2330 über
1263 2313 1338 2334 Refaktien
1346 2314 1367 2331 bei

767 2332 906 2353 GEijenbahntartfen
912 2333 943 2350 und
949 2333 985 2350 über
991 2333 1117 2353 Bejhlagnahnıe
1123 2337 1152 2350 von
1160 2333 1367 2355 Eijenbahn-Fahrbetriebs:

767 2353 829 2373 mitteln,
846 2353 889 2373 fowie
905 2354 953 2374 ferner
969 2354 996 2371 mit
1007 2338 1092 2375 Susioluk
1109 2355 1134 2372 ber
1145 2355 1268 2376 Beftimmungen
1286 2356 1322 2373 über
1338 2357 1365 2373 den

766 2374 932 2396 Veredelungsvertehr,
949 2375 996 2396 deffen
1010 2375 1095 2397 Fortdauer
1114 2376 1196 2397 beiderfeit$
1215 2378 1288 2393 autonom
1306 2378 1367 2397 geregelt

767 2396 809 2413 wird.
831 2395 868 2413 Das
879 2396 966 2417 Zolltartell
984 2396 1021 2414 wird
1036 2397 1107 2417 während
1125 2397 1151 2414 der
1168 2397 1269 2414 vereinbarten
1284 2398 1368 2417 Fortdauer

766 2417 793 2434 des
804 2417 887 2438 Vertrages
905 2417 972 2437 infjoweit
989 2422 1015 2438 zur
1029 2417 1132 2438 Ausführung
1150 2418 1223 2438 gebracht,
1240 2418 1266 2435 als
1285 2419 1367 2439 bejtehende

766 2437 822 2459 Gefege
834 2439 871 2458 nicht
882 2438 1007 2460 entgegenftehen.
1020 2448 1038 2450 —
1053 2439 1129 2460 Sicherem
1141 2439 1236 2459 BVernehmen
1247 2441 1282 2457 nach
1294 2440 1331 2457 wird
1343 2442 1367 2457 der

765 2458 926 2480 VeredelungSverkehr
938 2460 962 2477 bis
974 2461 999 2477 15.
1010 2460 1081 2481 Februar
1098 2460 1113 2477 in
1130 2460 1155 2477 der
1171 2460 1255 2481 bisherigen
1266 2461 1313 2482 Weije
1324 2464 1368 2479 unter

766 2480 869 2502 Bewilligung
880 2481 952 2501 zollireier
962 2481 1084 2502 Wiedereinfuhr
1095 2481 1159 2501 belaffen
1171 2482 1235 2499 werden,

796 2501 806 2512 *
817 2501 858 2522 Nach
869 2502 908 2519 einer
919 2502 1060 2523 Bekanntmachung
1072 2503 1098 2520 des
1110 2502 1233 2523 ReichstanzlerS
1244 2502 1262 2523 {ft
1274 2502 1298 2520 der
1309 2503 1367 2524 Betrag

764 2522 789 2540 der
800 2521 825 2543 für
836 2522 859 2540 die
870 2522 1079 2545 Naturalverpflegung
1090 2524 1122 2541 der
1133 2523 1223 2544 Truppen
1233 2528 1251 2544 zu
1259 2524 1365 2545 gewährenden

764 2543 862 2568 Vergütung
886 2544 911 2564 für
921 2545 951 2561 das
962 2544 1005 2565 Jahr
1017 2546 1057 2561 1880
1068 2545 1115 2565 dahin
1125 2545 1207 2582 NN!
1218 2545 1287 2565 worben,
1304 2545 1334 2566 daß
1346 2550 1366 2563 an

763 2564 853 2586 Vergütung
864 2548 889 2586 fe
900 2565 954 2583 Mann
965 2567 996 2583 und
1007 2565 1042 2587 Tag
1053 2570 1071 2587 zu
1082 2570 1160 2586 gewähren
1172 2566 1196 2586 ift:

851 2606 868 2628 für
887 2607 902 2624 die
941 2608 951 2625 voNe
970 2607 1047 2629 Tagestoft
1152 2587 1191 2629 Sr
1225 2587 1265 2625 WC
1274 2587 1313 2629 Se

826 2612 840 2625 a,
869 2612 877 2624 für
903 2612 910 2624 die
920 2610 959 2625 volle
987 2609 1052 2629 Tageskoft
1071 2620 1102 2625 .
1180 2620 1228 2626 A
1298 2621 1302 2625 7

757 2644 758 2651 /
826 2629 840 2645 Di
865 2641 873 2649 7
896 2641 904 2649 m
922 2628 1020 2650 DiltlngBloft”
1046 2641 1078 2647 +:
1099 2630 1145 2646 43
1169 2641 1231 2650 nr
1247 2630 1298 2650 80:

825 2650 1145 2670 CV
1169 2652 1267 2671 N
1285 2652 1303 2671 A

827 2671 842 2688 de
879 2675 881 2677 m
897 2684 905 2691 n
921 2670 1017 2692 Morgenloft
1046 2684 1076 2689 .,
1098 2684 1102 2689 4
1124 2673 1144 2689 167
1168 2684 1231 2693 ww
1248 2674 1291 2692 Il

795 2692 804 2702 *
822 2684 1015 2713 Soiffsnadricten.
1037 2692 1068 2710 Die
1087 2692 1172 2711 Glattdeks
1179 2700 1185 2707 =
1193 2693 1261 2710 Korvette
1281 2693 1365 2714 „Freya“,

764 2714 774 2730 8
785 2712 864 2734 Gejhüge,
883 2712 997 2731 Kommandant
1008 2713 1162 2733 Korvetten-Kapitän
1173 2717 1188 2731 v,
1203 2714 1263 2734 Hippel,
1274 2714 1292 2734 it
1303 2719 1328 2731 am
1340 2716 1365 2732 29,

762 2734 776 2751 d.
788 2733 815 2751 M.
827 2734 842 2751 in
854 2733 953 2752 Montevideo
964 2734 1065 2756 eingetroffen,
1077 2744 1097 2746 —
1108 2734 1139 2752 Die
1147 2735 1308 2753 Glattdeks-Korvette
1319 2736 1366 2756 „Mes

761 2754 818 2776 dufa“,
829 2756 839 2772 9
851 2754 929 2776 Gejchüge,
941 2755 1055 2773 Kommandant
1065 2756 1221 2776 Korvettenstapitän
1232 2756 1323 2777 Matthejen,
1335 2757 1365 2778 traf

761 2780 787 2793 am
798 2777 823 2793 27,
835 2776 919 2793 November
930 2781 942 2794 c,
953 2776 969 2794 in
980 2776 1020 2798 Port
1031 2777 1047 2819 EZ
1058 2777 1112 2797 Spain
1124 2775 1152 2797 ein;
1171 2777 1208 2798 ging
1221 2782 1247 2797 qm
1258 2779 1273 2795 6,
1283 2777 1365 2799 Dezember

762 2797 778 2815 in
789 2797 822 2815 See
833 2797 864 2815 und
875 2797 932 2815 ankerte
943 2802 969 2815 am
980 2800 1005 2815 11.
1016 2798 1089 2816 defielben
1100 2798 1169 2816 Monats
1180 2798 1196 2816 in
1207 2798 1306 2817 Barbadoes,

929 2829 1005 2855 Lette
1020 2829 1197 2855 Nachrichten.

960 2860 1158 2880 Defterreich-Ungarn.

792 2884 810 2902 T,
821 2883 885 2905 Wien,
902 2885 928 2902 31.
938 2884 1024 2905 Dezember,
1047 2884 1181 2906 (Privat-Telegr.
1194 2885 1221 2903 des
1233 2885 1303 2904 Berliner
1315 2885 1365 2908 Tage:

761 2905 822 2945 Matn)
844 2906 880 2923 Aus
891 2905 943 2927 Prag
954 2906 991 2923 wird
1003 2906 1080 2927 gemeldet:
1098 2906 1129 2926 Im
1142 2906 1240 2928 Gzechentlub
1251 2907 1286 2928 hielt
1297 2907 1365 2925 Rieger

760 2927 792 2944 eine
820 2927 845 2944 Mede
861 2927 898 2944 über
914 2927 937 2944 die
954 2927 1114 2949 EFT
1117 2932 1144 2966 ge
1162 2929 1188 2945 der
1198 2928 1256 2949 zufolge
1268 2929 1289 2946 die
1301 2912 1364 2950 Saeen

760 2951 790 2965 von
806 2947 832 2965 ber
847 2947 940 2987 MEDIEN
950 2948 973 2966 die
989 2948 1096 2970 Eindringung
1113 2952 1153 2967 einer
1168 2948 1315 2971 Krebitvorlage
1330 2954 1364 2988 Mr

759 2968 908 2991 DurdHführung
943 2971 962 2987 der
983 2969 1175 2992 SGleichberechtigung
1196 2970 1278 2992 verlangen
1299 2974 1363 2989 werden.

758 2989 802 3012 „Wir
818 2990 877 3008 werden
893 2990 926 3008 laut
937 2990 968 3008 und
981 2990 1077 3011 verftändlih
1089 2991 1110 3008 im
1121 2974 1213 3012 erloment
1224 2992 1267 3009 reden,
1284 2992 1314 3009 und
1325 2992 1363 3010 wird

761 3013 779 3028 e&
789 3011 828 3031 nicht
838 3011 900 3033 möglidh
912 3011 946 3032 je,
962 3012 983 3029 im
995 3011 1047 3030 Guten
1063 3012 1086 3029 die
1097 3012 1181 3055 Ha
1192 3012 1251 3033 unferer
1262 3005 1334 3034 Wüniche
1344 3018 1362 3034 zu

759 3032 835 3053 erlangen,
846 3032 861 3053 fo
873 3033 931 3050 werden
941 3032 970 3050 wir
980 3034 1016 3054 au)
1027 3033 1084 3051 anders
1098 3036 1191 3051 aufzutreten
1202 3034 1266 3056 wijjen,“
1283 3034 1297 3056 fo
1314 3034 1362 3056 fhloß

758 3053 813 3075 Rieger
823 3053 861 3075 feine
872 3053 945 3075 drohende
956 3053 1003 3073 Rede,

1422 402 1439 419 DO
1451 401 1514 423 Wien,
1524 403 1551 420 31.
1562 402 1648 424 Degember.
1677 402 1741 424 (Privat
1748 410 1754 418 =
1762 402 1860 425 Telegramm
1878 403 1905 421 des
1924 403 1995 423 Berliner

1391 421 1497 463 ga
1523 423 1561 441 Das
1572 424 1640 441 Attentat
1651 428 1697 445 gegen
1715 423 1745 441 das
1763 424 1854 463 URL
1871 424 1996 446 Königspaar

1392 443 1418 463 hat
1429 443 1461 464 bier
1472 444 1549 462 befondere
1560 444 1660 465 Theilnahme
1671 445 1732 463 erwecdt,
1752 444 1770 463 Die
1794 445 1908 467 Verdammung
1919 445 1946 464 des
1957 446 1995 464 Vers

1392 464 1465 485 brechens,
1477 464 1520 486 fowie
1531 465 1555 483 die
1565 465 1623 487 Freude
1639 465 1676 484 über
1688 466 1710 484 die
1721 466 1817 488 Bereitelung
1827 466 1845 487 {ft
1856 466 1940 488 allgemein.
1961 467 1995 486 Der

1390 485 1442 506 Soifer
1453 486 1485 503 und
1496 486 1519 504 die
1530 486 1609 507 gefamımte
1620 486 1699 508 kaiferlide
1710 487 1776 509 Familie
1793 488 1883 526 een
1893 488 1950 530 An
1961 488 1995 507 teles

1390 506 1465 528 grapbifd
1476 507 1504 528 auf
1515 507 1545 525 daS
1555 507 1640 529 Herglichfte
1656 508 1690 526 dem
1706 510 1782 526 erretteten
1808 509 1897 548 ONE
1934 509 1954 527 ier
1964 514 1994 527 em

1389 527 1426 566 Da
1438 528 1444 545 it
1464 527 1487 545 die
1505 528 1576 550 Dofburg
1597 529 1675 571 Se
1693 529 1819 554 Sratulationen,
1869 534 1885 548 er
1916 530 1949 548 Ta
1952 530 1994 569 19

1407 532 1454 569 äller
1475 549 1502 569 hat
1517 549 1559 571 Heute
1576 549 1632 571 fowohl
1649 550 1683 568 dem
1699 550 1782 571 fpanijhen
1798 551 1848 572 König
1865 551 1891 568 al®
1908 551 1944 573 au)
1971 556 1994 569 dem

1391 569 1512 590 Öfterreidhifihen
1534 570 1586 591 Kaifer
1608 571 1709 592 telegraphiich
1736 571 1795 610 GE
1820 572 1898 611 Seien
1919 581 1940 585 —
1961 572 1995 591 Der

1391 590 1512 612 auftro-deutfide
1543 592 1694 613 proviforifde
1726 592 1944 615 Meifjtbegünftigungs:
1952 593 1994 612 Vers

1390 613 1432 633 trag
1464 611 1484 632 ift
1515 612 1567 633 Beute
1599 613 1733 634 unterzei®net
1764 615 1843 632 worden,
1875 623 1896 626 —
1927 614 1993 636 Zufolge

1390 632 1490 654 Andringens
1501 633 1526 651 der
1537 633 1598 654 Mächte
1609 634 1665 655 richtete
1676 634 1699 652 die
1710 634 1763 655 Pforte
1774 635 1806 659 eine
1817 640 1854 653 neue
1865 635 1943 674 Ned
1954 636 1994 656 Bros

1391 654 1472 672 flamation
1484 658 1504 671 an
1516 654 1538 672 bie
1549 655 1638 676 Albanejen,
1658 655 1701 675 fowie
1712 660 1748 680 neue
1759 656 1850 677 Weifungen
1862 661 1882 674 an
1917 657 1994 678 Moukhtar

1391 674 1450 696 afjcha
1468 675 1529 696 betreffs
1540 676 1600 697 Löjung
1616 677 1641 694 der
1656 676 1798 698 Gufinjefrage,
1820 661 1866 699 St
1876 677 1951 696 Nikolaus
1968 679 1994 698 hat

1390 696 1481 735 Hm
1492 696 1594 739 En
1605 697 1688 715 Abwarten
1698 698 1770 719 zugefagt.
1792 699 1817 717 €
1827 699 1866 717 wird
1876 699 1908 717 eine
1919 699 1991 720 friedliche

1406 721 1468 738 egelung
1480 722 1514 735 erho|

1421 738 1483 759 Wien,
1501 740 1528 756 31.
1543 738 1631 757 Dezember,
1659 740 1725 779 RE
1737 740 1784 762 Bür.)
1812 740 1888 762 Meldung
1898 741 1924 759 der
1935 741 1993 762 „Polit,

1390 759 1467 780 Korrefp.“
1483 761 1514 777 aus
1531 744 1663 800 Sonlantinapel?
1685 761 1716 779 Die
1734 761 1801 783 MAudienz
1817 762 1844 779 des
1861 762 1940 787 englifhen
1954 762 1993 780 Bots

1390 780 1459 822 (delterg
1470 780 1502 822 nr
1504 781 1531 798 Un
1548 781 1571 799 bet
1583 782 1616 799 dem
1646 782 1689 800 Sultan
1705 782 1723 803 ift
1737 786 1788 822 fen
1799 783 1904 804 Unwohljeins
1917 784 1943 801 des
1955 783 1993 802 Bots

1397 801 1460 822 after
1471 806 1491 819 auf
1510 801 1551 822 heute
1564 803 1648 824 verfhoben
1660 804 1725 821 worden.
1765 804 1811 825 Sefjtern
1819 804 1872 822 Abend
1885 805 1924 825 hatte
1932 804 1993 825 Layarb

1390 822 1421 839 eine
1433 822 1477 844 lange
1485 823 1576 841 Unterredung
1598 824 1624 841 mit
1632 824 1695 842 Sawas
1703 825 1765 846 Pafha,
1776 826 1812 846 nad)
1825 825 1884 845 welcher
1892 825 1923 843 eine
1933 826 1993 864 In

1391 843 1491 865 Begleichung
1502 844 1529 861 des
1540 828 1614 864 Konglitis
1625 845 1668 863 Tauın
1679 851 1697 867 zu
1709 846 1733 868 N
1733 846 1792 885 NEN
1804 846 1826 867 ift.
1849 847 1911 864 Sobald
1923 847 1945 864 die
1957 847 1993 865 Bei:

1391 865 1445 885 legung
1462 865 1499 889 des
1504 865 1618 887 Zwijchenfals
1635 867 1689 892 erfolgt
1700 867 1730 886 fein
1747 868 1789 888 wird,
1807 868 1834 887 fjoll
1851 868 1876 885 der
1888 867 1923 892 Tag
1934 868 1959 888 für
1970 868 1993 886 die

1391 886 1447 906 nächfte
1457 886 1541 908 Konferenz
1553 887 1578 904 der
1589 887 1745 909 griechijch=türkiichen
1759 888 1858 909 Kommiffion
1874 889 1946 909 beftimmt
1957 892 1994 907 wers

1391 908 1423 927 den,
1435 907 1504 927 nachdem
1515 908 1558 929 durch
1569 908 1593 925 ein
1604 908 1654 928 Irade
1665 909 1692 926 des
1704 909 1775 927 Sultan
1787 910 1809 927 die.
1821 913 1851 927 von
1862 910 1935 931 tärkijcher
1946 910 1990 929 Seite

1391 928 1508 953 vorgefchlagene,
1520 933 1556 946 neue
1567 929 1654 950 Srenzlinie
1665 931 1749 951 genehmigt
1760 931 1820 948 worden
1831 931 1854 951 ift,

1421 949 1489 969 Wien,
1505 951 1531 967 31.
1545 950 1632 971 Dezember,
1656 951 1722 972 (Wolffs
1733 952 1780 972 Bür.)
1807 952 1838 969 Die
1853 952 1939 993 „Wolle
1955 952 1993 970 Kore

1390 970 1486 995 rejpondenz“
1498 972 1558 988 meldet:
1575 971 1639 992 Zufolge
1651 973 1757 993 authentifhen
1769 972 1863 993 Nachrichten
1875 973 1912 991 wird
1934 975 1965 991 Heute
1977 973 1993 991 in

1390 991 1445 1008 Berlin
1456 991 1511 1012 feitenS
1522 992 1547 1009 der
1559 992 1700 1014 Bevollmächtigten
1711 994 1736 1011 der
1747 993 1950 1015 Sfterreichijch-ungarifhen
1961 994 1992 1012 und

1390 1013 1415 1029 der
1431 1012 1472 1032 an
1473 1013 1506 1051 in
1517 1013 1603 1035 Megierung
1620 1014 1651 1031 eine
1662 1014 1746 1036 Erklärung
1763 1015 1866 1036 unterzeichnet
1880 1016 1943 1036 werden,
1962 1019 1992 1033 wos

1390 1033 1432 1053 durch
1444 1034 1469 1051 der
1496 1034 1593 1073 En
1595 1037 1644 1056 Os
1646 1037 1704 1073 oretten
1719 1036 1746 1053 mit
1756 1036 1857 1057 Deutfhland
1868 1045 1888 1048 —
1899 1038 1942 1054 unter
1953 1037 1991 1058 Yin

1390 1054 1482 1076 weglaffung
1501 1055 1526 1072 der
1561 1055 1667 1077 Beftimmungen
1685 1057 1721 1074 über
1738 1057 1768 1074 das
1786 1057 1835 1096 DPI
1836 1058 1939 1078 ARETERENT
1961 1058 1992 1075 und

1390 1075 1411 1092 die
1430 1075 1514 1096 Rohleinen
1536 1076 1618 1097 Ausfuhr,
1639 1078 1662 1095 die
1683 1078 1781 1098 Publikation
1812 1083 1827 1096 der
1849 1079 1938 1100 Refactien,
1961 1079 1991 1096 das

1390 1096 1446 1114 Verbot
1473 1097 1498 1114 der
1520 1097 1645 1139 la
1672 1099 1698 1116 der
1719 1099 1873 1120 Fahrbeiriebsmittel
1901 1100 1932 1117 und
1957 1100 1992 1117 ends

1390 1118 1415 1138 lid)
1433 1119 1476 1135 unter
1499 1119 1567 1139 gewifjen
1585 1119 1687 1139 Vorbehalten
1704 1120 1789 1141 HinfichtlidH
1811 1121 1838 1138 des
1856 1121 1952 1142 ZoNkartel8
1970 1130 1991 1133 —

1392 1138 1416 1156 bi8
1434 1144 1468 1160 zum
1479 1140 1504 1156 30.
1515 1139 1557 1159 Juni
1569 1141 1611 1157 1880
1626 1141 1710 1161 verlängert
1726 1142 1768 1159 wird.
1779 1151 1800 1153 —
1811 1141 1849 1159 Das
1864 1147 1924 1163 morgen
1936 1142 1992 1162 erfheiz

1390 1159 1435 1177 nende
1457 1160 1592 1182 NReichsgefegblatt
1614 1161 1651 1179 wird
1681 1162 1703 1179 die
1725 1162 1826 1184 Verordnung
1855 1163 1882 1180 des
1907 1163 1992 1184 Sefammte

1389 1180 1496 1201 minifterium®
1518 1182 1598 1203 betreffend
1622 1183 1649 1200 den
1666 1183 1828 1205 Veredelungsverkehr
1850 1184 1937 1206 publigiren.
1958 1184 1991 1206 Für

1391 1202 1413 1219 die
1434 1202 1521 1224 Veredlung
1546 1203 1566 1220 im
1587 1203 1658 1223 Inlande
1682 1204 1739 1222 bleiben
1759 1205 1782 1222 die
1798 1205 1882 1226 bisherigen
1901 1206 1991 1230 autonomen

1390 1223 1512 1244 Beftimmungen
1525 1224 1596 1244 beftehen,
1618 1225 1650 1245 Für
1662 1225 1729 1246 Gewebe,
1741 1226 1792 1245 weldhe
1803 1229 1837 1243 vom
1850 1228 1873 1244 15,
1885 1226 1954 1248 Februar
1966 1227 1990 1244 bis

1389 1245 1415 1261 30,
1425 1244 1468 1264 Juni
1485 1246 1526 1262 1880
1544 1250 1577 1266 zum
1596 1246 1678 1263 Bedrucken
1696 1247 1726 1263 und
1738 1246 1799 1267 Färben
1817 1247 1852 1268 nach
1871 1248 1903 1264 dem
1915 1248 1988 1268 deutfhen

1389 1264 1479 1286 Zollgebiete
1491 1266 1580 1287 ausgeführt
1591 1267 1654 1287 werden,
1671 1267 1688 1287 ft
1700 1268 1738 1284 beim
1749 1268 1864 1285 Wiedereintritt
1879 1268 1902 1285 ein
1913 1269 1949 1290 Zoll
1961 1273 1992 1286 von

1392 1286 1457 1307 vierzehn
1470 1287 1532 1304 Gulden
1544 1288 1559 1304 in
1571 1287 1613 1305 Sold
1624 1293 1641 1309 zu
1653 1289 1721 1310 erheben;
1736 1289 1750 1306 in
1763 1290 1789 1306 den
1802 1289 1863 1310 übrigen
1875 1289 1943 1310 Punkten
1954 1290 1991 1307 wird

1391 1307 1413 1324 die
1425 1308 1489 1328 zollfreie
1500 1308 1604 1329 Behandlung
1618 1310 1645 1326 des
1657 1309 1829 1330 VeredelungsverkehrS
1846 1311 1909 1330 aufrecht
1921 1311 1991 1330 erhalten.

1390 1328 1431 1348 Nad)
1450 1329 1477 1346 den
1489 1329 1578 1347 detaillirten
1589 1330 1835 1352 Durohführungsbeftinunungen
1853 1332 1879 1351 fol
1895 1332 1920 1349 der
1931 1331 1991 1349 Betrieb

1390 1350 1416 1366 des
1428 1349 1592 1371 Veredlungsverkehr$
1603 1355 1633 1368 von
1644 1351 1795 1372 Erlaubnikicheinen
1807 1353 1883 1373 abhängig
1894 1353 1928 1372 fein,
1941 1353 1991 1373 welche

1392 1375 1422 1388 nur
1440 1371 1467 1388 den
1479 1371 1580 1392 Fabrikanten
1599 1372 1623 1392 für
1645 1372 1675 1392 ihre
1694 1373 1742 1411 En
1756 1373 1835 1411 ANardnn
1853 1374 1910 1393 ertheilt
1928 1377 1990 1394 werden,

1389 1392 1411 1408 die
1422 1392 1481 1413 Friften
1493 1392 1518 1413 für
1529 1393 1551 1410 die
1559 1393 1678 1414 Wiedereinfuhr
1686 1394 1706 1414 find
1729 1394 1749 1411 im
1761 1395 1862 1415 Allgemeinen
1874 1395 1900 1415 auf
1908 1396 1917 1412 3
1926 1395 1991 1412 Monate

1389 1413 1468 1434 befchränkt
1479 1415 1544 1434 worden,
1556 1414 1590 1435 doch
1602 1415 1639 1431 kann
1650 1415 1681 1432 eine
1698 1415 1813 1436 Verlängerung
1830 1416 1854 1433 bis
1866 1416 1910 1457 ET
1910 1417 1946 1440 En
1954 1416 1990 1433 Mo

1388 1436 1422 1451 nate
1433 1435 1491 1455 ertheilt
1502 1436 1564 1452 werden.
1587 1435 1617 1453 Die
1629 1436 1779 1457 Kontrolmaßregeln
1795 1437 1826 1456 find
1837 1437 1894 1457 mehrfach
1922 1437 1991 1461 geändert

1388 1455 1453 1472 worden.
1474 1455 1525 1476 Durch
1537 1456 1568 1473 eine
1580 1457 1636 1474 weitere
1647 1457 1748 1478 Verordnung
1760 1458 1798 1475 wird
1809 1458 1831 1475 die
1843 1458 1990 1478 Generalinjpektion

1388 1477 1412 1493 der
1424 1476 1529 1497 Eijenbahnen
1546 1478 1635 1499 ermächtigt,
1652 1478 1668 1495 in
1685 1478 1712 1495 den
1731 1479 1790 1498 Fällen,
1808 1479 1824 1496 in
1838 1479 1900 1498 welchen
1911 1480 1952 1503 eine
1954 1479 1991 1497 Vers

1388 1497 1493 1518 Öffentlichung
1504 1498 1625 1519 einzuführender
1642 1499 1805 1520 Tarifermäßigungen
1822 1500 1858 1517 oder
1869 1500 1908 1517 einer
1919 1500 1990 1521 fonftigen

1388 1518 1502 1539 Begünstigung
1513 1520 1536 1536 die
1548 1520 1645 1539 inländijdhen
1662 1520 1809 1540 Verkehrsanftalten
1825 1521 1907 1542 gegenüber
1918 1522 1943 1538 der
1954 1523 1990 1539 aus:

1388 1539 1469 1559 Jändijhen
1486 1541 1580 1561 Konkurrenz
1599 1541 1721 1562 benachtheiligen
1740 1542 1795 1562 würde,
1815 1542 1944 1563 ausnahma&weife
1961 1542 1990 1559 das

1388 1560 1492 1578 Unterbleiben
1504 1562 1529 1579 der
1540 1562 1674 1583 vorgefiriebenen
1685 1563 1822 1584 Veröffentlidhung
1833 1568 1851 1584 zu
1863 1564 1937 1584 geftatten.

1637 1592 1744 1611 Frankreich.

1420 1615 1438 1632 ©
1450 1614 1519 1635 Paris,
1530 1617 1555 1632 31.
1566 1615 1654 1639 Dezember,
1678 1616 1808 1655 EN
1822 1617 1849 1634 des
1865 1617 1907 1635 Berl,
1918 1617 1990 1638 Tagebl.)

1387 1635 1420 1653 Der
1431 1635 1508 1656 „Temps8“
1521 1636 1596 1656 beftreitet,
1608 1638 1638 1656 daß
1650 1637 1698 1656 anßer
1706 1637 1766 1655 Saint
1798 1638 1854 1655 Vallier
1866 1639 1916 1659 irgend
1928 1639 1951 1656 ein
1962 1643 1990 1656 ans

1387 1658 1428 1675 derer
1439 1657 1514 1675 Vertreter
1526 1657 1621 1678 Frankreichs
1633 1658 1653 1675 im
1665 1658 1746 1675 Yuslande
1757 1659 1794 1678 feine
1806 1659 1917 1680 Demiffion
1928 1660 1991 1681 gegeben

1389 1677 1434 1699 habe;
1445 1678 1511 1699 dagegen
1528 1679 1611 1699 behaupten
1628 1679 1650 1696 die
1666 1679 1729 1700 Organe
1747 1679 1772 1696 der
1783 1680 1861 1700 Reaktion,
1878 1681 1904 1698 wie
1921 1680 1988 1699 „Ordre“

1388 1699 1418 1716 und
1431 1699 1521 1720 „Sftajette“
1541 1699 1577 1720 aufs
1589 1699 1701 1720 Befimmtefte,
1717 1700 1748 1721 daß
1760 1701 1843 1718 Gabriac
1856 1701 1893 1719 beim
1904 1702 1991 1723 päpfilichen

1387 1720 1442 1741 Stuhl,
1459 1720 1511 1741 Tibij
1528 1721 1544 1737 in
1560 1722 1666 1742 Kopenhagen,
1683 1721 1745 1759 RE
1749 1722 1775 1739 en
1792 1722 1807 1739 in
1824 1722 1948 1743 Konftantinopel
1960 1723 1990 1740 und

1387 1741 1463 1762 Chanzy
1475 1741 1490 1758 in
1502 1741 1595 1762 Petersburg
1612 1742 1642 1760 ihre
1654 1742 1745 1764 Entlafung
1760 1743 1818 1760 erbeten
1834 1744 1889 1763 Hätten.
1912 1744 1990 1765 Bezüglich

1388 1762 1436 1780 Saint
1455 1762 1524 1780 Balliers
1543 1763 1577 1782 höre
1596 1763 1616 1782 ih
1634 1765 1665 1780 aus
1684 1763 1729 1782 befter
1747 1763 1813 1784 Quelle,
1831 1764 1862 1784 daß
1880 1765 1944 1785 derfelbe
1962 1765 1990 1786 auf

1387 1783 1528 1803 Waddingtons
1548 1785 1588 1803 heute
1607 1788 1627 1801 an
1640 1785 1665 1802 ihn
1683 1785 1765 1805 gerichtetes
1782 1785 1864 1806 Schreiben
1875 1790 1901 1806 zur
1913 1786 1989 1807 Zurüd:

1388 1805 1452 1824 nahme
1470 1804 1516 1825 feiner
1527 1804 1615 1828 Demijfion
1630 1805 1709 1824 veranlaßt
1728 1806 1786 1823 werden
1798 1806 1852 1826 dürfte,
1875 1807 1925 1824 Saint
1931 1807 1990 1825 Ballier

1388 1826 1426 1844 hatte
1438 1825 1524 1843 wiederholt
1535 1826 1592 1845 erklärt,
1610 1826 1635 1847 fid
1647 1830 1675 1843 von
1687 1826 1789 1848 Waddington
1801 1828 1838 1846 nicht
1850 1829 1916 1848 trennen,
1928 1828 1990 1847 fondern

1388 1847 1415 1863 mit
1427 1846 1480 1866 diefem
1492 1830 1539 1866 flchen
1551 1847 1582 1864 und
1594 1847 1639 1866 fallen
1650 1852 1668 1867 zu
1680 1849 1738 1865 wollen,
1760 1848 1793 1865 Der
1804 1849 1907 1870 abgegangene
1919 1849 1990 1867 Minifter

1388 1868 1412 1887 hat
1424 1868 1498 1887 nunmehr
1509 1869 1536 1884 den
1543 1868 1634 1891 Botfchafter
1646 1868 1711 1889 förmlich
1723 1869 1770 1888 feines
1781 1869 1843 1887 Wortes
1855 1870 1944 1888 entbunden.
1957 1870 1990 1888 Der

1388 1888 1494 1908 diplomatifche
1506 1888 1577 1910 Sisgang
1589 1889 1615 1913 hat
1626 1889 1697 1910 übrigens
1709 1890 1792 1911 begonnen:
1803 1891 1842 1911 Herr
1853 1894 1866 1908 v.
1873 1891 1989 1911 Bontecoulant,

1389 1910 1414 1926 al8
1426 1909 1562 1927 Kabinet8birektor
1579 1909 1604 1930 feit
1615 1910 1685 1931 fünfzehn
1696 1910 1756 1931 Jahren
1773 1916 1793 1928 an
1810 1912 1835 1929 der
1846 1912 1896 1933 Spige
1913 1912 1940 1930 des
1952 1915 1988 1930 aus

1389 1930 1461 1951 wärtigen
1473 1930 1532 1951 Amtes,
1543 1931 1560 1951 ift
1572 1931 1688 1952 ausgefhieden.
1699 1941 1720 1943 —
1738 1932 1771 1949 Der
1782 1932 1861 1953 deutfche
1873 1933 1990 1954 Botfhafter

1390 1955 1422 1968 war
1439 1952 1464 1968 ber
1475 1951 1510 1972 eıfte
1522 1951 1576 1972 fremde
1588 1952 1667 1972 Vertreter,
1689 1953 1748 1973 welcher
1759 1954 1837 1975 Freycinet
1854 1954 1989 1975 beglücwünfchte:

1389 1972 1434 2010 Sn
1444 1972 1532 1997 Hohenlohe
1543 1973 1583 1992 nebft
1594 1973 1677 1994 Gemahlin
1691 1974 1761 1994 {cArieben
1772 1974 1798 1994 fich
1810 1975 1864 1992 bereit?
1878 1980 1903 1992 am
1915 1975 1989 1997 Sonntag

1391 1993 1443 2010 Abend
1455 1994 1476 2010 bei
1488 1994 1565 2015 Freycinet
1577 1994 1606 2012 ein,
1616 2003 1637 2006 —
1658 1995 1762 2016 Waddington
1780 1995 1807 2016 foll
1818 1996 1860 2016 heute
1877 1996 1909 2013 dem
1920 1997 1989 2018 früheren

1388 2014 1480 2035 Botichafter
1497 2015 1513 2032 in
1532 2015 1557 2032 der
1568 2015 1635 2036 Schweiz
1647 2016 1733 2033 Bernard
1747 2016 1864 2037 d’Harcourt
1882 2017 1919 2037 feine
1930 2018 1989 2035 Sehunz

1389 2036 1443 2053 danten
1455 2035 1517 2056 gefchict
1528 2036 1576 2055 haben
1593 2039 1643 2057 wegen
1654 2037 1681 2054 des
1698 2040 1728 2055 von
1742 2038 1810 2058 legterem
1827 2038 1854 2055 mit
1865 2039 1918 2056 vollem
1929 2039 1989 2056 Namen

1389 2057 1419 2074 und
1434 2056 1475 2074 Titel
1498 2057 1619 2081 unterzeichneten
1634 2058 1698 2075 Mrtikel&
1720 2063 1741 2075 an
1762 2060 1787 2076 der
1803 2059 1854 2084 Spige
1875 2059 1902 2076 des
1919 2060 1989 2081 geftrigen

1390 2078 1452 2099 Figaro.
1474 2077 1544 2098 Derfelbe
1562 2078 1587 2095 bi”
1595 2080 1615 2095 te.
1633 2083 1664 2096 ‚cine
1680 2079 1802 2101 unbarmherzige
1819 2080 1866 2098 Kritik
1875 2080 1989 2102 Waddington8

1390 2101 1419 2116 und
1431 2098 1479 2120 fchloß
1491 2100 1517 2116 mit
1529 2099 1600 2120 geradezu
1612 2100 1735 2120 Lefchimpfenden
1746 2101 1843 2122 Vorwürfen,
1854 2110 1875 2113 —
1891 2102 1939 2122 Heute
1950 2102 1989 2120 Vor-

1388 2120 1440 2141 mittag
1452 2120 1523 2141 fand.ein
1535 2121 1611 2141 zweites
1622 2121 1682 2138 Duell
1692 2122 1759 2142 zwifchen
1771 2122 1833 2161 Te
1845 2122 1878 2140 dem
1885 2122 1954 2141 Direktor
1964 2123 1989 2141 der

1389 2141 1505 2160 „Lanterne“
1517 2142 1548 2158 und
1560 2142 1631 2162 Alphons
1641 2143 1715 2163 Qumbert
1726 2146 1760 2160 vom
1777 2143 1834 2163 „Mot
1844 2143 1936 2162 d’Ordre“
1948 2144 1988 2165 ftatt;

1387 2162 1452 2182 GErfterer
1462 2162 1513 2180 wurde
1524 2167 1545 2180 an
1556 2163 1581 2180 der
1592 2163 1637 2184 Hüfte
1649 2163 1693 2185 leicht,
1710 2164 1754 2185 diefer
1771 2169 1792 2182 an
1810 2164 1836 2182 der
1847 2164 1918 2185 Schulter
1938 2165 1989 2187 fhwer

1388 2184 1477 2201 verwundet,

1416 2209 1485 2229 Paris,
1503 2210 1529 2227 31.
1542 2209 1629 2233 Dezember,
1657 2210 1722 2231 (Wolffs
1740 2211 1788 2232 Bür.)
1817 2211 1851 2229 Wie
1870 2211 1895 2229 der
1913 2211 1989 2232 „Temps“

1386 2230 1444 2251 meldet,
1456 2231 1482 2250 hat
1492 2230 1518 2248 der
1529 2230 1673 2251 Minijterpräfident
1686 2232 1763 2253 Freycinet
1780 2236 1801 2249 an
1813 2232 1835 2249 die
1846 2232 1921 2250 Vertreter
1933 2233 1989 2254 Frank»

1386 2251 1432 2271 reih3
1444 2251 1464 2268 im
1476 2251 1557 2269 Muslande
1568 2253 1600 2269 eine
1611 2252 1682 2273 Depejche
1699 2253 1770 2273 gerichtet,
1789 2253 1804 2270 in
1821 2253 1880 2274 welcher
1891 2258 1906 2271 er
1917 2254 1988 2274 diejelben

1384 2273 1434 2289 davon
1446 2272 1462 2290 in
1474 2273 1551 2293 Kenntniß
1564 2273 1601 2294 jet,
1618 2274 1648 2293 vaß
1660 2279 1675 2291 er
1687 2274 1716 2291 das
1727 2274 1825 2295 Portefenille
1842 2275 1869 2292 des
1880 2274 1988 2296 Auswärtigen

1384 2293 1491 2311 übernommen
1504 2294 1545 2314 habe,
1557 2296 1588 2311 und
1600 2294 1617 2314 fie
1629 2295 1676 2314 feines
1688 2295 1773 2317 Wunfhes,
1794 2295 1817 2313 die
1828 2297 1873 2317 guten
1884 2296 1989 2317 Beziehungen

1383 2319 1400 2335 3u
1412 2315 1441 2332 den
1453 2314 1524 2336 Mächten
1536 2320 1553 2336 zu
1565 2316 1635 2336 erhalten,
1647 2316 1726 2337 verfichert,

1641 2340 1728 2360 England,

1414 2364 1432 2381 Z,
1443 2363 1529 2384 London,
1546 2366 1571 2381 31.
1582 2363 1670 2385 Dezember,
1692 2365 1763 2386 (Privat:
1767 2365 1865 2386 Telegramm
1879 2366 1906 2383 des
1918 2366 1988 2384 Berliner

1383 2384 1487 2406 Tageblatts,)
1507 2385 1575 2424 Zufolge
1586 2385 1627 2403 eines
1638 2386 1724 2408 Vortrages
1735 2387 1762 2404 des
1772 2386 1854 2407 MinifterS
1866 2386 1921 2429 HR
1929 2388 1989 2409 willigte

1383 2407 1404 2423 die
1424 2407 1490 2427 Königin
1524 2407 1575 2423 Victoria
1593 2407 1617 2424 ein
1635 2407 1651 2424 in
1670 2407 1693 2425 die
1711 2408 1815 2425 Ernennung
1847 2408 1888 2425 eines
1925 2409 1989 2430 Bolizeis

1383 2427 1487 2448 infpektor8
1498 2432 1532 2448 zum
1543 2430 1649 2448 permanenten
1656 2428 1711 2448 Dienft
1722 2433 1747 2446 um
1758 2429 1780 2446 die
1792 2413 1850 2467 Berfon
1861 2429 1886 2447 der
1897 2429 1988 2451 Königin.

1383 2448 1440 2468 Bisher
1452 2449 1519 2469 brauchte
1535 2453 1571 2466 man
1584 2453 1613 2466 nur
1629 2449 1651 2466 die
1663 2450 1744 2470 Leibgarde
1760 2450 1786 2467 als
1798 2449 1895 2468 Dekoration.
1917 2451 1989 2472 Minifter

1384 2469 1434 2489 Groß
1446 2469 1472 2488 fol
1489 2470 1532 2490 durch
1544 2470 1640 2490 verfchiedene
1652 2470 1727 2491 Angaben
1741 2471 1776 2488 über
1788 2471 1817 2488 das
1829 2471 1895 2489 Treiben
1906 2472 1932 2489 der
1940 2472 1987 2511 rn

1382 2491 1420 2511 tigen
1432 2490 1512 2511 NMihiliften
1527 2491 1559 2508 und
1569 2491 1663 2512 Socialiften
1677 2496 1695 2513 zu
1711 2492 1762 2514 obiger
1774 2492 1939 2515 Sicherheitsmaßregel
1962 2493 1986 2511 be-

1382 2516 1433 2533 mwogen
1445 2512 1505 2529 worden
1517 2512 1552 2533 fein.

1646 2533 1724 2550 Serbien,

1412 2551 1473 2572 Nifch,
1491 2553 1517 2570 31.
1532 2551 1620 2573 Dezember.
1649 2552 1715 2573 (Wolfis
1733 2552 1780 2573 Bür.)
1802 2552 1834 2571 Die
1850 2553 1944 2574 Skupfhina
1960 2554 1987 2575 hat

1382 2572 1421 2590 beide
1432 2573 1548 2590 Konventionen
1563 2573 1591 2590 mit
1602 2573 1662 2593 Italien
1674 2578 1788 2594 angenommen,
1817 2574 1854 2592 Von
1865 2575 1890 2592 der
1901 2575 1988 2614 ben
2002 2589 2003 2592 I

1381 2594 1432 2611 wurde
1443 2594 1467 2611 ein
1478 2594 1594 2616 Gejegentwurf
1608 2594 1644 2612 über
1654 2595 1762 2616 Kolonifirung
1773 2595 1789 2612 in
1801 2595 1870 2613 Serbien
1880 2597 1960 2618 vorgelegt.

1644 2620 1716 2636 Türkei.

1412 2643 1574 2665 Konftantinopel,
1586 2646 1611 2661 31.
1622 2644 1708 2665 Dezember,
1730 2644 1797 2665 (Wolffs
1808 2644 1856 2666 Bür.)
1877 2645 1914 2663 Bon
1924 2645 1950 2664 der
1960 2650 1988 2664 ans

1382 2665 1436 2686 geblid)
1454 2665 1576 2685 bevorftehenden
1591 2665 1685 2686 Ernennung
1704 2665 1745 2683 eine
1758 2665 1867 2708 ‚Sn
1879 2666 1944 2688 Legaten
1960 2667 1988 2685 mit

1382 2686 1466 2711 offigiellem
1478 2686 1559 2707 Charakter
1577 2686 1602 2707 für
1613 2686 1738 2707 SKtonftantinopel
1757 2686 1775 2707 ift
1799 2691 1809 2704 in
1836 2687 1889 2709 Hiefigen
1905 2688 1988 2710 politijden

1381 2707 1441 2728 Kreijen
1455 2708 1502 2728 nicht3
1514 2708 1580 2725 bekannt.

1465 2747 1484 2761 dam,
1522 2747 1542 2761 31.
1569 2750 1630 2761 Dezember.
1664 2747 1768 2762 (Schlußbericht)
1798 2747 1867 2763 Weizen
1879 2751 1898 2762 auf
1921 2748 1987 2763 Termine

1380 2747 1420 2778 iGO
1420 2747 1464 2780 N
1462 2766 1485 2780 Dr
1485 2751 1534 2780 Mhüer
1543 2747 1582 2777 CM
1589 2747 1635 2781 dee
1639 2747 1662 2778 nn
1667 2747 1695 2778 en
1704 2747 1803 2799 beige
1809 2752 1846 2796 auf
1843 2748 1908 2779 Semine
1914 2765 1987 2796 aA

1380 2781 1409 2811 Sr
1417 2782 1448 2813 Voir
1451 2780 1490 2811 Aal
1497 2781 1528 2811 FA
1536 2782 1559 2796 ber
1568 2780 1617 2813 Tale
1616 2781 1647 2811 in
1645 2780 1701 2805 „Raps
1710 2782 1733 2796 ver
1742 2780 1812 2798 Frühjahr
1854 2781 1876 2799 SL
1893 2781 1939 2796 NRüböl
1957 2782 1986 2796 loco

1402 2805 1505 2829 Amfterdam,
1512 2805 1534 2827 31.
1542 2798 1618 2830 Sector
1634 2805 1692 2844 Deflert,
1700 2813 1790 2845 Bapiereente
1801 2814 1915 2829 Mai-November
1923 2814 1987 2845 Derainäl

1380 2829 1406 2845 587,
1423 2830 1472 2846 (584),
1487 2829 1507 2844 do.
1522 2829 1550 2845 Dee
1551 2829 1580 2844 De
1581 2829 1634 2860 A
1661 2830 1669 2844 "4,
1688 2830 1709 2844 do.
1735 2830 1805 2845 Silberreitte
1815 2830 1877 2847 Yanuars
1891 2831 1911 2845 Juli
1920 2830 1941 2845 do,
1972 2832 1988 2848 5/4

1380 2846 1400 2860 do.
1407 2838 1430 2861 bo.
1440 2837 1544 2863 Mpril-Ottober
1558 2846 1579 2860 do.
1615 2849 1619 2861 507,
1634 2838 1684 2863 (50),
1697 2846 1718 2861 do.
1732 2846 1808 2862 Goltrente
1814 2841 1833 2861 70
1840 2846 1875 2879 (60
1888 2858 1892 2863 A
1907 2847 1987 2878 Unnarie

1380 2862 1454 2878 Goldrente
1467 2863 1501 2879 8314
1506 2863 1548 2893 a
1557 2863 1600 2879 5prog.
1613 2854 1664 2895 Aufn
1678 2865 1706 2878 von
1721 2863 1753 2877 18577
1767 2864 1784 2877 90
1793 2863 1826 2880 (90),
1854 2863 1905 2880 Muffijde
1913 2863 1987 2880 Prämiens

1380 2879 1448 2912 Mh
1458 2879 1489 2910 ehe
1499 2879 1580 2911 Of
1580 2879 1986 2912 ES

1380 2895 1438 2942 1
1448 2895 1513 2944 Be
1527 2895 1545 2926 11.
1560 2912 1618 2927 Orient
1623 2897 1680 2929 Unfeife
1694 2896 1727 2929 507,
1742 2896 1776 2929 (00),
1782 2896 1874 2930 Dbeogentige
1888 2912 1941 2928 Zutten.
1956 2904 1987 2928 von

1439 2936 1445 2945 y
1498 2939 1501 2942 h

1435 2945 1444 2959 Don,
1484 2937 1505 2959 51.
1542 2945 1590 2961 Dezember,
1602 2944 1659 2960 Abend8
1668 2945 1677 2959 5
1377 1585 2003 3081 Uhr
1722 2945 1739 2959 30
1747 2945 1784 2960 Min.
1838 2946 1861 2960 GConfols
1869 2945 1901 2960 9744,
1931 2945 1986 2961 Türken

1377 2961 1396 2976 Fl
1403 2945 1470 2992 Teer
1463 2961 1521 2993 "pen
1514 2944 1567 2978 Al
1566 2964 1630 2994 GE
1645 2944 1721 2995 Geben:
1721 2962 1754 2993 N
1768 2945 1874 2979 (a
1895 2953 1949 2979 Stu
1957 2962 1984 2980 feit.

1486 2981 1495 2992 inf
1522 2981 1557 2992 Hoffen
1694 2989 1698 2992 .

1396 2969 1487 3025 San
1500 2977 1520 3008 sl.
1529 2977 1604 3025 Büemter
1619 2978 1711 3011 Heemdbarie,
1728 2994 1840 3025 Öefterreichtige.
1849 2994 1937 3010 Süüberrente
1945 2995 1985 3013 60m

1377 3010 1435 3027 Deftert.
1444 3011 1476 3041 ke
1482 3011 1533 3025 jerrente
1564 3013 1578 3028 59/4,
1587 3010 1644 3027 Defterr.
1653 3011 1728 3026 Goldrente
1736 3011 1763 3025 70%,
1783 3011 1831 3031 1560er
1840 3011 1880 3028 Loofje
1891 3011 1924 3026 128°,
1944 3011 1984 3027 Com

1377 3020 1986 3063 NS

1633 3052 1642 3061 “u
1787 3055 1791 3061 )
1848 3055 1851 3058 N

1377 3044 1396 3074 rien
1403 3052 1518 3077 unletge
1526 3060 1588 3078 Gahbener
1597 3060 1672 3078 JE
